%% This BibTeX bibliography file was created using BibDesk.
%% http://bibdesk.sourceforge.net/


%% Created for Jonathan Eskreis-Winkler at 2015-11-18 11:44:20 -0600 


%% Saved with string encoding Unicode (UTF-8) 



@conference{Rosasco2015,
	Author = {Alessandro Rudi; Rafaello Camoriano; Lorenzo Rosasco},
	Booktitle = {NIPS 2015 (full oral)},
	Date-Added = {2015-11-18 04:06:46 +0000},
	Date-Modified = {2015-11-18 04:09:03 +0000},
	Journal = {arXiv:1507.04717v4 },
	Title = {Less is More: Nystrom Computational Regularization},
	Year = {2015},
	Bdsk-File-1 = {YnBsaXN0MDDUAQIDBAUGJCVYJHZlcnNpb25YJG9iamVjdHNZJGFyY2hpdmVyVCR0b3ASAAGGoKgHCBMUFRYaIVUkbnVsbNMJCgsMDxJXTlMua2V5c1pOUy5vYmplY3RzViRjbGFzc6INDoACgAOiEBGABIAFgAdccmVsYXRpdmVQYXRoWWFsaWFzRGF0YV8QGlBhcGVycy9Sb3Nhc2NvX055c3Ryb20ucGRm0hcLGBlXTlMuZGF0YU8RAeYAAAAAAeYAAgAAD0Vza3JlaXMtV2lua2xlcgAAAAAAAAAAAAAAAMtpmQ9IKwAAAw5i8BNSb3Nhc2NvX055c3Ryb20ucGRmAAAAAAAAAAAAAAAAAAAAAAAAAAAAAAAAAAAAAAAAAAAAAAAAAAAAAAAAAAADPe6f0nFPAgAAAAAAAAAAAAEAAwAACSAAAAAAAAAAAAAAAAAAAAAGUGFwZXJzABAACAAAy2ntbwAAABEACAAA0nGjYgAAAAEAGAMOYvADCxSGAwiJLAHvL7gABdRzAAC5VwACAGBFc2tyZWlzLVdpbmtsZXI6VXNlcnM6AGplZmZyZXl3aW5rbGVyOgBHb29nbGVfRHJpdmU6ADE1ZmFsbDoAS29uZG9yOgBQYXBlcnM6AFJvc2FzY29fTnlzdHJvbS5wZGYADgAoABMAUgBvAHMAYQBzAGMAbwBfAE4AeQBzAHQAcgBvAG0ALgBwAGQAZgAPACAADwBFAHMAawByAGUAaQBzAC0AVwBpAG4AawBsAGUAcgASAEpVc2Vycy9qZWZmcmV5d2lua2xlci9Hb29nbGVfRHJpdmUvMTVmYWxsL0tvbmRvci9QYXBlcnMvUm9zYXNjb19OeXN0cm9tLnBkZgATAAEvAAAVAAIAFf//AACABtIbHB0eWiRjbGFzc25hbWVYJGNsYXNzZXNdTlNNdXRhYmxlRGF0YaMdHyBWTlNEYXRhWE5TT2JqZWN00hscIiNcTlNEaWN0aW9uYXJ5oiIgXxAPTlNLZXllZEFyY2hpdmVy0SYnVHJvb3SAAQAIABEAGgAjAC0AMgA3AEAARgBNAFUAYABnAGoAbABuAHEAcwB1AHcAhACOAKsAsAC4AqICpAKpArQCvQLLAs8C1gLfAuQC8QL0AwYDCQMOAAAAAAAAAgEAAAAAAAAAKAAAAAAAAAAAAAAAAAAAAxA=}}

@conference{Yang2005,
	Author = {Changjiang Yang; Ramani Duraiswami; Larry Davis},
	Booktitle = {Advances in neural information processing systems 07},
	Date-Added = {2015-11-09 16:23:55 +0000},
	Date-Modified = {2015-11-09 16:25:47 +0000},
	Title = {Efficient Kernel Machines Using the Improved Fast Gauss Transform},
	Year = {2005},
	Bdsk-File-1 = {YnBsaXN0MDDUAQIDBAUGJCVYJHZlcnNpb25YJG9iamVjdHNZJGFyY2hpdmVyVCR0b3ASAAGGoKgHCBMUFRYaIVUkbnVsbNMJCgsMDxJXTlMua2V5c1pOUy5vYmplY3RzViRjbGFzc6INDoACgAOiEBGABIAFgAdccmVsYXRpdmVQYXRoWWFsaWFzRGF0YV8QJ1BhcGVycy9ZYW5nX0VmZmljaWVudEtlcm5lbE1hY2hpbmVzLnBkZtIXCxgZV05TLmRhdGFPEQIaAAAAAAIaAAIAAA9Fc2tyZWlzLVdpbmtsZXIAAAAAAAAAAAAAAADLaZkPSCsAAAMOYvAfWWFuZ19FZmZpY2llbnRLZXJuZSMzMzdCOTczLnBkZgAAAAAAAAAAAAAAAAAAAAAAAAAAAAAAAAAAAAAAAAAAAze5c9JmGUMAAAAAAAAAAAABAAMAAAkgAAAAAAAAAAAAAAAAAAAABlBhcGVycwAQAAgAAMtp7W8AAAARAAgAANJmbaMAAAABABgDDmLwAwsUhgMIiSwB7y+4AAXUcwAAuVcAAgBsRXNrcmVpcy1XaW5rbGVyOlVzZXJzOgBqZWZmcmV5d2lua2xlcjoAR29vZ2xlX0RyaXZlOgAxNWZhbGw6AEtvbmRvcjoAUGFwZXJzOgBZYW5nX0VmZmljaWVudEtlcm5lIzMzN0I5NzMucGRmAA4AQgAgAFkAYQBuAGcAXwBFAGYAZgBpAGMAaQBlAG4AdABLAGUAcgBuAGUAbABNAGEAYwBoAGkAbgBlAHMALgBwAGQAZgAPACAADwBFAHMAawByAGUAaQBzAC0AVwBpAG4AawBsAGUAcgASAFdVc2Vycy9qZWZmcmV5d2lua2xlci9Hb29nbGVfRHJpdmUvMTVmYWxsL0tvbmRvci9QYXBlcnMvWWFuZ19FZmZpY2llbnRLZXJuZWxNYWNoaW5lcy5wZGYAABMAAS8AABUAAgAV//8AAIAG0hscHR5aJGNsYXNzbmFtZVgkY2xhc3Nlc11OU011dGFibGVEYXRhox0fIFZOU0RhdGFYTlNPYmplY3TSGxwiI1xOU0RpY3Rpb25hcnmiIiBfEA9OU0tleWVkQXJjaGl2ZXLRJidUcm9vdIABAAgAEQAaACMALQAyADcAQABGAE0AVQBgAGcAagBsAG4AcQBzAHUAdwCEAI4AuAC9AMUC4wLlAuoC9QL+AwwDEAMXAyADJQMyAzUDRwNKA08AAAAAAAACAQAAAAAAAAAoAAAAAAAAAAAAAAAAAAADUQ==}}

@conference{Smola2001,
	Author = {Alex J. Smola; Peter Bartlett},
	Booktitle = {Advances in Neural Information Processing Systems 13},
	Date-Added = {2015-11-09 16:21:04 +0000},
	Date-Modified = {2015-11-09 16:23:39 +0000},
	Editor = {T. K. Leen; T. G. Dietterich; V. Tresp},
	Pages = {619-625},
	Publisher = {The MIT Press},
	Title = {Sparse Greedy Gaussian Process Regression},
	Year = {2001},
	Bdsk-File-1 = {YnBsaXN0MDDUAQIDBAUGJCVYJHZlcnNpb25YJG9iamVjdHNZJGFyY2hpdmVyVCR0b3ASAAGGoKgHCBMUFRYaIVUkbnVsbNMJCgsMDxJXTlMua2V5c1pOUy5vYmplY3RzViRjbGFzc6INDoACgAOiEBGABIAFgAdccmVsYXRpdmVQYXRoWWFsaWFzRGF0YV8QHlBhcGVycy9TbW9sYV9GYXN0R3JlZWR5R1BSLnBkZtIXCxgZV05TLmRhdGFPEQH2AAAAAAH2AAIAAA9Fc2tyZWlzLVdpbmtsZXIAAAAAAAAAAAAAAADLaZkPSCsAAAMOYvAXU21vbGFfRmFzdEdyZWVkeUdQUi5wZGYAAAAAAAAAAAAAAAAAAAAAAAAAAAAAAAAAAAAAAAAAAAAAAAAAAAAAAze5w9JmGW4AAAAAAAAAAAABAAMAAAkgAAAAAAAAAAAAAAAAAAAABlBhcGVycwAQAAgAAMtp7W8AAAARAAgAANJmbc4AAAABABgDDmLwAwsUhgMIiSwB7y+4AAXUcwAAuVcAAgBkRXNrcmVpcy1XaW5rbGVyOlVzZXJzOgBqZWZmcmV5d2lua2xlcjoAR29vZ2xlX0RyaXZlOgAxNWZhbGw6AEtvbmRvcjoAUGFwZXJzOgBTbW9sYV9GYXN0R3JlZWR5R1BSLnBkZgAOADAAFwBTAG0AbwBsAGEAXwBGAGEAcwB0AEcAcgBlAGUAZAB5AEcAUABSAC4AcABkAGYADwAgAA8ARQBzAGsAcgBlAGkAcwAtAFcAaQBuAGsAbABlAHIAEgBOVXNlcnMvamVmZnJleXdpbmtsZXIvR29vZ2xlX0RyaXZlLzE1ZmFsbC9Lb25kb3IvUGFwZXJzL1Ntb2xhX0Zhc3RHcmVlZHlHUFIucGRmABMAAS8AABUAAgAV//8AAIAG0hscHR5aJGNsYXNzbmFtZVgkY2xhc3Nlc11OU011dGFibGVEYXRhox0fIFZOU0RhdGFYTlNPYmplY3TSGxwiI1xOU0RpY3Rpb25hcnmiIiBfEA9OU0tleWVkQXJjaGl2ZXLRJidUcm9vdIABAAgAEQAaACMALQAyADcAQABGAE0AVQBgAGcAagBsAG4AcQBzAHUAdwCEAI4ArwC0ALwCtgK4Ar0CyALRAt8C4wLqAvMC+AMFAwgDGgMdAyIAAAAAAAACAQAAAAAAAAAoAAAAAAAAAAAAAAAAAAADJA==}}

@conference{Shen2006,
	Author = {Yirong Shen; Andrew Y. Ng; Matthias Seeger},
	Booktitle = {In Advances in Neural Information Processing Systems},
	Date-Added = {2015-11-09 16:18:23 +0000},
	Date-Modified = {2015-11-09 16:20:53 +0000},
	Title = {Fast Gaussian Process Regression using KD-Trees},
	Year = {2006},
	Bdsk-File-1 = {YnBsaXN0MDDUAQIDBAUGJCVYJHZlcnNpb25YJG9iamVjdHNZJGFyY2hpdmVyVCR0b3ASAAGGoKgHCBMUFRYaIVUkbnVsbNMJCgsMDxJXTlMua2V5c1pOUy5vYmplY3RzViRjbGFzc6INDoACgAOiEBGABIAFgAdccmVsYXRpdmVQYXRoWWFsaWFzRGF0YV8QJlBhcGVycy9TaGVuX0Zhc3RHUFJfVXNpbmdfS0RfVHJlZXMucGRm0hcLGBlXTlMuZGF0YU8RAhYAAAAAAhYAAgAAD0Vza3JlaXMtV2lua2xlcgAAAAAAAAAAAAAAAMtpmQ9IKwAAAw5i8B9TaGVuX0Zhc3RHUFJfVXNpbmdfS0RfVHJlZXMucGRmAAAAAAAAAAAAAAAAAAAAAAAAAAAAAAAAAAAAAAAAAAADN7d10mYYhQAAAAAAAAAAAAEAAwAACSAAAAAAAAAAAAAAAAAAAAAGUGFwZXJzABAACAAAy2ntbwAAABEACAAA0mZs5QAAAAEAGAMOYvADCxSGAwiJLAHvL7gABdRzAAC5VwACAGxFc2tyZWlzLVdpbmtsZXI6VXNlcnM6AGplZmZyZXl3aW5rbGVyOgBHb29nbGVfRHJpdmU6ADE1ZmFsbDoAS29uZG9yOgBQYXBlcnM6AFNoZW5fRmFzdEdQUl9Vc2luZ19LRF9UcmVlcy5wZGYADgBAAB8AUwBoAGUAbgBfAEYAYQBzAHQARwBQAFIAXwBVAHMAaQBuAGcAXwBLAEQAXwBUAHIAZQBlAHMALgBwAGQAZgAPACAADwBFAHMAawByAGUAaQBzAC0AVwBpAG4AawBsAGUAcgASAFZVc2Vycy9qZWZmcmV5d2lua2xlci9Hb29nbGVfRHJpdmUvMTVmYWxsL0tvbmRvci9QYXBlcnMvU2hlbl9GYXN0R1BSX1VzaW5nX0tEX1RyZWVzLnBkZgATAAEvAAAVAAIAFf//AACABtIbHB0eWiRjbGFzc25hbWVYJGNsYXNzZXNdTlNNdXRhYmxlRGF0YaMdHyBWTlNEYXRhWE5TT2JqZWN00hscIiNcTlNEaWN0aW9uYXJ5oiIgXxAPTlNLZXllZEFyY2hpdmVy0SYnVHJvb3SAAQAIABEAGgAjAC0AMgA3AEAARgBNAFUAYABnAGoAbABuAHEAcwB1AHcAhACOALcAvADEAt4C4ALlAvAC+QMHAwsDEgMbAyADLQMwA0IDRQNKAAAAAAAAAgEAAAAAAAAAKAAAAAAAAAAAAAAAAAAAA0w=}}

@article{Wilson2015,
	Author = {Andrew Gordon Wilson; Christoph Dann; Hannes Nickisch},
	Date-Added = {2015-11-09 16:15:16 +0000},
	Date-Modified = {2015-11-09 16:18:11 +0000},
	Journal = {arXiv:1511.01870},
	Title = {Thoughts on Massively Scalable Gaussian Processes},
	Year = {2015},
	Bdsk-File-1 = {YnBsaXN0MDDUAQIDBAUGJCVYJHZlcnNpb25YJG9iamVjdHNZJGFyY2hpdmVyVCR0b3ASAAGGoKgHCBMUFRYaIVUkbnVsbNMJCgsMDxJXTlMua2V5c1pOUy5vYmplY3RzViRjbGFzc6INDoACgAOiEBGABIAFgAdccmVsYXRpdmVQYXRoWWFsaWFzRGF0YV8QHlBhcGVycy9NYXNzaXZlbHlTY2FsYWJsZUdQLnBkZtIXCxgZV05TLmRhdGFPEQH2AAAAAAH2AAIAAA9Fc2tyZWlzLVdpbmtsZXIAAAAAAAAAAAAAAADLaZkPSCsAAAMOYvAXTWFzc2l2ZWx5U2NhbGFibGVHUC5wZGYAAAAAAAAAAAAAAAAAAAAAAAAAAAAAAAAAAAAAAAAAAAAAAAAAAAAAAzdj9dJlhxsAAAAAAAAAAAABAAMAAAkgAAAAAAAAAAAAAAAAAAAABlBhcGVycwAQAAgAAMtp7W8AAAARAAgAANJl23sAAAABABgDDmLwAwsUhgMIiSwB7y+4AAXUcwAAuVcAAgBkRXNrcmVpcy1XaW5rbGVyOlVzZXJzOgBqZWZmcmV5d2lua2xlcjoAR29vZ2xlX0RyaXZlOgAxNWZhbGw6AEtvbmRvcjoAUGFwZXJzOgBNYXNzaXZlbHlTY2FsYWJsZUdQLnBkZgAOADAAFwBNAGEAcwBzAGkAdgBlAGwAeQBTAGMAYQBsAGEAYgBsAGUARwBQAC4AcABkAGYADwAgAA8ARQBzAGsAcgBlAGkAcwAtAFcAaQBuAGsAbABlAHIAEgBOVXNlcnMvamVmZnJleXdpbmtsZXIvR29vZ2xlX0RyaXZlLzE1ZmFsbC9Lb25kb3IvUGFwZXJzL01hc3NpdmVseVNjYWxhYmxlR1AucGRmABMAAS8AABUAAgAV//8AAIAG0hscHR5aJGNsYXNzbmFtZVgkY2xhc3Nlc11OU011dGFibGVEYXRhox0fIFZOU0RhdGFYTlNPYmplY3TSGxwiI1xOU0RpY3Rpb25hcnmiIiBfEA9OU0tleWVkQXJjaGl2ZXLRJidUcm9vdIABAAgAEQAaACMALQAyADcAQABGAE0AVQBgAGcAagBsAG4AcQBzAHUAdwCEAI4ArwC0ALwCtgK4Ar0CyALRAt8C4wLqAvMC+AMFAwgDGgMdAyIAAAAAAAACAQAAAAAAAAAoAAAAAAAAAAAAAAAAAAADJA==}}

@techreport{Mackay1998,
	Author = {David J.C. Mackay},
	Date-Added = {2015-11-09 16:13:23 +0000},
	Date-Modified = {2015-11-09 16:15:10 +0000},
	Institution = {Cambridge University, Cavendish Laboratory},
	Title = {Introduction to Gaussian Processes},
	Year = {1998},
	Bdsk-File-1 = {YnBsaXN0MDDUAQIDBAUGJCVYJHZlcnNpb25YJG9iamVjdHNZJGFyY2hpdmVyVCR0b3ASAAGGoKgHCBMUFRYaIVUkbnVsbNMJCgsMDxJXTlMua2V5c1pOUy5vYmplY3RzViRjbGFzc6INDoACgAOiEBGABIAFgAdccmVsYXRpdmVQYXRoWWFsaWFzRGF0YV8QHlBhcGVycy9NYWNLYXlfSW50cm9fdG9fR1BzLnBkZtIXCxgZV05TLmRhdGFPEQH2AAAAAAH2AAIAAA9Fc2tyZWlzLVdpbmtsZXIAAAAAAAAAAAAAAADLaZkPSCsAAAMOYvAXTWFjS2F5X0ludHJvX3RvX0dQcy5wZGYAAAAAAAAAAAAAAAAAAAAAAAAAAAAAAAAAAAAAAAAAAAAAAAAAAAAAAzdn+NJliFQAAAAAAAAAAAABAAMAAAkgAAAAAAAAAAAAAAAAAAAABlBhcGVycwAQAAgAAMtp7W8AAAARAAgAANJl3LQAAAABABgDDmLwAwsUhgMIiSwB7y+4AAXUcwAAuVcAAgBkRXNrcmVpcy1XaW5rbGVyOlVzZXJzOgBqZWZmcmV5d2lua2xlcjoAR29vZ2xlX0RyaXZlOgAxNWZhbGw6AEtvbmRvcjoAUGFwZXJzOgBNYWNLYXlfSW50cm9fdG9fR1BzLnBkZgAOADAAFwBNAGEAYwBLAGEAeQBfAEkAbgB0AHIAbwBfAHQAbwBfAEcAUABzAC4AcABkAGYADwAgAA8ARQBzAGsAcgBlAGkAcwAtAFcAaQBuAGsAbABlAHIAEgBOVXNlcnMvamVmZnJleXdpbmtsZXIvR29vZ2xlX0RyaXZlLzE1ZmFsbC9Lb25kb3IvUGFwZXJzL01hY0theV9JbnRyb190b19HUHMucGRmABMAAS8AABUAAgAV//8AAIAG0hscHR5aJGNsYXNzbmFtZVgkY2xhc3Nlc11OU011dGFibGVEYXRhox0fIFZOU0RhdGFYTlNPYmplY3TSGxwiI1xOU0RpY3Rpb25hcnmiIiBfEA9OU0tleWVkQXJjaGl2ZXLRJidUcm9vdIABAAgAEQAaACMALQAyADcAQABGAE0AVQBgAGcAagBsAG4AcQBzAHUAdwCEAI4ArwC0ALwCtgK4Ar0CyALRAt8C4wLqAvMC+AMFAwgDGgMdAyIAAAAAAAACAQAAAAAAAAAoAAAAAAAAAAAAAAAAAAADJA==}}

@conference{Hensman2013,
	Author = {James Hensman; Nicolo Fusi; Neil D. Lawrence},
	Booktitle = {Proceedings of the Twenty-Ninth Conference on Uncertainty in Artificial Intelligence},
	Date-Added = {2015-11-09 16:11:44 +0000},
	Date-Modified = {2015-11-09 16:13:13 +0000},
	Title = {Gaussian Processes for Big Data},
	Year = {2013},
	Bdsk-File-1 = {YnBsaXN0MDDUAQIDBAUGJCVYJHZlcnNpb25YJG9iamVjdHNZJGFyY2hpdmVyVCR0b3ASAAGGoKgHCBMUFRYaIVUkbnVsbNMJCgsMDxJXTlMua2V5c1pOUy5vYmplY3RzViRjbGFzc6INDoACgAOiEBGABIAFgAdccmVsYXRpdmVQYXRoWWFsaWFzRGF0YV8QIVBhcGVycy9IZW5zbWFuX0dQX2Zvcl9CaWdEYXRhLnBkZtIXCxgZV05TLmRhdGFPEQIEAAAAAAIEAAIAAA9Fc2tyZWlzLVdpbmtsZXIAAAAAAAAAAAAAAADLaZkPSCsAAAMOYvAaSGVuc21hbl9HUF9mb3JfQmlnRGF0YS5wZGYAAAAAAAAAAAAAAAAAAAAAAAAAAAAAAAAAAAAAAAAAAAAAAAAAAze1QtJmF60AAAAAAAAAAAABAAMAAAkgAAAAAAAAAAAAAAAAAAAABlBhcGVycwAQAAgAAMtp7W8AAAARAAgAANJmbA0AAAABABgDDmLwAwsUhgMIiSwB7y+4AAXUcwAAuVcAAgBnRXNrcmVpcy1XaW5rbGVyOlVzZXJzOgBqZWZmcmV5d2lua2xlcjoAR29vZ2xlX0RyaXZlOgAxNWZhbGw6AEtvbmRvcjoAUGFwZXJzOgBIZW5zbWFuX0dQX2Zvcl9CaWdEYXRhLnBkZgAADgA2ABoASABlAG4AcwBtAGEAbgBfAEcAUABfAGYAbwByAF8AQgBpAGcARABhAHQAYQAuAHAAZABmAA8AIAAPAEUAcwBrAHIAZQBpAHMALQBXAGkAbgBrAGwAZQByABIAUVVzZXJzL2plZmZyZXl3aW5rbGVyL0dvb2dsZV9Ecml2ZS8xNWZhbGwvS29uZG9yL1BhcGVycy9IZW5zbWFuX0dQX2Zvcl9CaWdEYXRhLnBkZgAAEwABLwAAFQACABX//wAAgAbSGxwdHlokY2xhc3NuYW1lWCRjbGFzc2VzXU5TTXV0YWJsZURhdGGjHR8gVk5TRGF0YVhOU09iamVjdNIbHCIjXE5TRGljdGlvbmFyeaIiIF8QD05TS2V5ZWRBcmNoaXZlctEmJ1Ryb290gAEACAARABoAIwAtADIANwBAAEYATQBVAGAAZwBqAGwAbgBxAHMAdQB3AIQAjgCyALcAvwLHAskCzgLZAuIC8AL0AvsDBAMJAxYDGQMrAy4DMwAAAAAAAAIBAAAAAAAAACgAAAAAAAAAAAAAAAAAAAM1}}

@article{Hackbusch2004,
	Author = {Wolfgang Hackbusch; Steffen B{\"o}rm},
	Date-Added = {2015-11-09 16:09:20 +0000},
	Date-Modified = {2015-11-09 16:11:30 +0000},
	Journal = {Linear Algebra and its Applications},
	Number = {2-3},
	Pages = {380-403},
	Title = {Data-sparse Approximations by Adaptive H2-Matrices},
	Volume = {422},
	Year = {2007},
	Bdsk-File-1 = {YnBsaXN0MDDUAQIDBAUGJCVYJHZlcnNpb25YJG9iamVjdHNZJGFyY2hpdmVyVCR0b3ASAAGGoKgHCBMUFRYaIVUkbnVsbNMJCgsMDxJXTlMua2V5c1pOUy5vYmplY3RzViRjbGFzc6INDoACgAOiEBGABIAFgAdccmVsYXRpdmVQYXRoWWFsaWFzRGF0YV8QLFBhcGVycy9IYWNrYnVzY2hfRGF0YXNwYXJzZUFwcHJveGltYXRpb24ucGRm0hcLGBlXTlMuZGF0YU8RAigAAAAAAigAAgAAD0Vza3JlaXMtV2lua2xlcgAAAAAAAAAAAAAAAMtpmQ9IKwAAAw5i8B9IYWNrYnVzY2hfRGF0YXNwYXJzIzMzN0IzQjAucGRmAAAAAAAAAAAAAAAAAAAAAAAAAAAAAAAAAAAAAAAAAAADN7Ow0mYXRAAAAAAAAAAAAAEAAwAACSAAAAAAAAAAAAAAAAAAAAAGUGFwZXJzABAACAAAy2ntbwAAABEACAAA0mZrpAAAAAEAGAMOYvADCxSGAwiJLAHvL7gABdRzAAC5VwACAGxFc2tyZWlzLVdpbmtsZXI6VXNlcnM6AGplZmZyZXl3aW5rbGVyOgBHb29nbGVfRHJpdmU6ADE1ZmFsbDoAS29uZG9yOgBQYXBlcnM6AEhhY2tidXNjaF9EYXRhc3BhcnMjMzM3QjNCMC5wZGYADgBMACUASABhAGMAawBiAHUAcwBjAGgAXwBEAGEAdABhAHMAcABhAHIAcwBlAEEAcABwAHIAbwB4AGkAbQBhAHQAaQBvAG4ALgBwAGQAZgAPACAADwBFAHMAawByAGUAaQBzAC0AVwBpAG4AawBsAGUAcgASAFxVc2Vycy9qZWZmcmV5d2lua2xlci9Hb29nbGVfRHJpdmUvMTVmYWxsL0tvbmRvci9QYXBlcnMvSGFja2J1c2NoX0RhdGFzcGFyc2VBcHByb3hpbWF0aW9uLnBkZgATAAEvAAAVAAIAFf//AACABtIbHB0eWiRjbGFzc25hbWVYJGNsYXNzZXNdTlNNdXRhYmxlRGF0YaMdHyBWTlNEYXRhWE5TT2JqZWN00hscIiNcTlNEaWN0aW9uYXJ5oiIgXxAPTlNLZXllZEFyY2hpdmVy0SYnVHJvb3SAAQAIABEAGgAjAC0AMgA3AEAARgBNAFUAYABnAGoAbABuAHEAcwB1AHcAhACOAL0AwgDKAvYC+AL9AwgDEQMfAyMDKgMzAzgDRQNIA1oDXQNiAAAAAAAAAgEAAAAAAAAAKAAAAAAAAAAAAAAAAAAAA2Q=}}

@article{Greengard1991,
	Author = {Leslie Greengard; John Strain},
	Date-Added = {2015-11-09 16:07:36 +0000},
	Date-Modified = {2015-11-09 16:09:08 +0000},
	Journal = {SIAM Journal of Scientific and Statistical Computing},
	Keywords = {Gauss Transform},
	Month = {January},
	Number = {1},
	Pages = {79-94},
	Title = {The Fast Gauss Transform},
	Volume = {12},
	Year = {1991},
	Bdsk-File-1 = {YnBsaXN0MDDUAQIDBAUGJCVYJHZlcnNpb25YJG9iamVjdHNZJGFyY2hpdmVyVCR0b3ASAAGGoKgHCBMUFRYaIVUkbnVsbNMJCgsMDxJXTlMua2V5c1pOUy5vYmplY3RzViRjbGFzc6INDoACgAOiEBGABIAFgAdccmVsYXRpdmVQYXRoWWFsaWFzRGF0YV8QJ1BhcGVycy9HcmVlbmdhcmRfRmFzdEdhdXNzVHJhbnNmb3JtLnBkZtIXCxgZV05TLmRhdGFPEQIaAAAAAAIaAAIAAA9Fc2tyZWlzLVdpbmtsZXIAAAAAAAAAAAAAAADLaZkPSCsAAAMOYvAfR3JlZW5nYXJkX0Zhc3RHYXVzcyMzMzdCMjI1LnBkZgAAAAAAAAAAAAAAAAAAAAAAAAAAAAAAAAAAAAAAAAAAAzeyJdJmFvcAAAAAAAAAAAABAAMAAAkgAAAAAAAAAAAAAAAAAAAABlBhcGVycwAQAAgAAMtp7W8AAAARAAgAANJma1cAAAABABgDDmLwAwsUhgMIiSwB7y+4AAXUcwAAuVcAAgBsRXNrcmVpcy1XaW5rbGVyOlVzZXJzOgBqZWZmcmV5d2lua2xlcjoAR29vZ2xlX0RyaXZlOgAxNWZhbGw6AEtvbmRvcjoAUGFwZXJzOgBHcmVlbmdhcmRfRmFzdEdhdXNzIzMzN0IyMjUucGRmAA4AQgAgAEcAcgBlAGUAbgBnAGEAcgBkAF8ARgBhAHMAdABHAGEAdQBzAHMAVAByAGEAbgBzAGYAbwByAG0ALgBwAGQAZgAPACAADwBFAHMAawByAGUAaQBzAC0AVwBpAG4AawBsAGUAcgASAFdVc2Vycy9qZWZmcmV5d2lua2xlci9Hb29nbGVfRHJpdmUvMTVmYWxsL0tvbmRvci9QYXBlcnMvR3JlZW5nYXJkX0Zhc3RHYXVzc1RyYW5zZm9ybS5wZGYAABMAAS8AABUAAgAV//8AAIAG0hscHR5aJGNsYXNzbmFtZVgkY2xhc3Nlc11OU011dGFibGVEYXRhox0fIFZOU0RhdGFYTlNPYmplY3TSGxwiI1xOU0RpY3Rpb25hcnmiIiBfEA9OU0tleWVkQXJjaGl2ZXLRJidUcm9vdIABAAgAEQAaACMALQAyADcAQABGAE0AVQBgAGcAagBsAG4AcQBzAHUAdwCEAI4AuAC9AMUC4wLlAuoC9QL+AwwDEAMXAyADJQMyAzUDRwNKA08AAAAAAAACAQAAAAAAAAAoAAAAAAAAAAAAAAAAAAADUQ==}}

@book{Rasmussen2006,
	Author = {Carl Edward Rasmussen; Christopher K.I. Williams},
	Date-Added = {2015-11-09 16:05:36 +0000},
	Date-Modified = {2015-11-09 16:07:22 +0000},
	Publisher = {The MIT Press},
	Title = {Gaussian Processes for Machine Learning},
	Year = {2006},
	Bdsk-File-1 = {YnBsaXN0MDDUAQIDBAUGJCVYJHZlcnNpb25YJG9iamVjdHNZJGFyY2hpdmVyVCR0b3ASAAGGoKgHCBMUFRYaIVUkbnVsbNMJCgsMDxJXTlMua2V5c1pOUy5vYmplY3RzViRjbGFzc6INDoACgAOiEBGABIAFgAdccmVsYXRpdmVQYXRoWWFsaWFzRGF0YV8QFFBhcGVycy9HUF9hbmRfTUwucGRm0hcLGBlXTlMuZGF0YU8RAc4AAAAAAc4AAgAAD0Vza3JlaXMtV2lua2xlcgAAAAAAAAAAAAAAAMtpmQ9IKwAAAw5i8A1HUF9hbmRfTUwucGRmAAAAAAAAAAAAAAAAAAAAAAAAAAAAAAAAAAAAAAAAAAAAAAAAAAAAAAAAAAAAAAAAAAADN2vS0mWJIQAAAAAAAAAAAAEAAwAACSAAAAAAAAAAAAAAAAAAAAAGUGFwZXJzABAACAAAy2ntbwAAABEACAAA0mXdgQAAAAEAGAMOYvADCxSGAwiJLAHvL7gABdRzAAC5VwACAFpFc2tyZWlzLVdpbmtsZXI6VXNlcnM6AGplZmZyZXl3aW5rbGVyOgBHb29nbGVfRHJpdmU6ADE1ZmFsbDoAS29uZG9yOgBQYXBlcnM6AEdQX2FuZF9NTC5wZGYADgAcAA0ARwBQAF8AYQBuAGQAXwBNAEwALgBwAGQAZgAPACAADwBFAHMAawByAGUAaQBzAC0AVwBpAG4AawBsAGUAcgASAERVc2Vycy9qZWZmcmV5d2lua2xlci9Hb29nbGVfRHJpdmUvMTVmYWxsL0tvbmRvci9QYXBlcnMvR1BfYW5kX01MLnBkZgATAAEvAAAVAAIAFf//AACABtIbHB0eWiRjbGFzc25hbWVYJGNsYXNzZXNdTlNNdXRhYmxlRGF0YaMdHyBWTlNEYXRhWE5TT2JqZWN00hscIiNcTlNEaWN0aW9uYXJ5oiIgXxAPTlNLZXllZEFyY2hpdmVy0SYnVHJvb3SAAQAIABEAGgAjAC0AMgA3AEAARgBNAFUAYABnAGoAbABuAHEAcwB1AHcAhACOAKUAqgCyAoQChgKLApYCnwKtArECuALBAsYC0wLWAugC6wLwAAAAAAAAAgEAAAAAAAAAKAAAAAAAAAAAAAAAAAAAAvI=}}

@book{Golub2013,
	Author = {Gene H. Golub; Charles F. Van Loan},
	Date-Added = {2015-11-09 16:04:24 +0000},
	Date-Modified = {2015-11-09 16:05:26 +0000},
	Publisher = {The Johns Hopkins University Press},
	Title = {Matrix Computations},
	Year = {2013},
	Bdsk-File-1 = {YnBsaXN0MDDUAQIDBAUGJCVYJHZlcnNpb25YJG9iamVjdHNZJGFyY2hpdmVyVCR0b3ASAAGGoKgHCBMUFRYaIVUkbnVsbNMJCgsMDxJXTlMua2V5c1pOUy5vYmplY3RzViRjbGFzc6INDoACgAOiEBGABIAFgAdccmVsYXRpdmVQYXRoWWFsaWFzRGF0YV8QI1BhcGVycy9Hb2x1Yl9NYXRyaXhDb21wdXRhdGlvbnMucGRm0hcLGBlXTlMuZGF0YU8RAgwAAAAAAgwAAgAAD0Vza3JlaXMtV2lua2xlcgAAAAAAAAAAAAAAAMtpmQ9IKwAAAw5i8BxHb2x1Yl9NYXRyaXhDb21wdXRhdGlvbnMucGRmAAAAAAAAAAAAAAAAAAAAAAAAAAAAAAAAAAAAAAAAAAAAAAADN7Gi0mYW2wAAAAAAAAAAAAEAAwAACSAAAAAAAAAAAAAAAAAAAAAGUGFwZXJzABAACAAAy2ntbwAAABEACAAA0mZrOwAAAAEAGAMOYvADCxSGAwiJLAHvL7gABdRzAAC5VwACAGlFc2tyZWlzLVdpbmtsZXI6VXNlcnM6AGplZmZyZXl3aW5rbGVyOgBHb29nbGVfRHJpdmU6ADE1ZmFsbDoAS29uZG9yOgBQYXBlcnM6AEdvbHViX01hdHJpeENvbXB1dGF0aW9ucy5wZGYAAA4AOgAcAEcAbwBsAHUAYgBfAE0AYQB0AHIAaQB4AEMAbwBtAHAAdQB0AGEAdABpAG8AbgBzAC4AcABkAGYADwAgAA8ARQBzAGsAcgBlAGkAcwAtAFcAaQBuAGsAbABlAHIAEgBTVXNlcnMvamVmZnJleXdpbmtsZXIvR29vZ2xlX0RyaXZlLzE1ZmFsbC9Lb25kb3IvUGFwZXJzL0dvbHViX01hdHJpeENvbXB1dGF0aW9ucy5wZGYAABMAAS8AABUAAgAV//8AAIAG0hscHR5aJGNsYXNzbmFtZVgkY2xhc3Nlc11OU011dGFibGVEYXRhox0fIFZOU0RhdGFYTlNPYmplY3TSGxwiI1xOU0RpY3Rpb25hcnmiIiBfEA9OU0tleWVkQXJjaGl2ZXLRJidUcm9vdIABAAgAEQAaACMALQAyADcAQABGAE0AVQBgAGcAagBsAG4AcQBzAHUAdwCEAI4AtAC5AMEC0QLTAtgC4wLsAvoC/gMFAw4DEwMgAyMDNQM4Az0AAAAAAAACAQAAAAAAAAAoAAAAAAAAAAAAAAAAAAADPw==}}

@techreport{Ebden2008,
	Author = {Mark Ebden},
	Date-Added = {2015-11-09 16:03:04 +0000},
	Date-Modified = {2015-11-09 16:04:06 +0000},
	Institution = {University of Oxford},
	Title = {Gaussian Processes for Regression: A Quick Introduction},
	Year = {2008},
	Bdsk-File-1 = {YnBsaXN0MDDUAQIDBAUGJCVYJHZlcnNpb25YJG9iamVjdHNZJGFyY2hpdmVyVCR0b3ASAAGGoKgHCBMUFRYaIVUkbnVsbNMJCgsMDxJXTlMua2V5c1pOUy5vYmplY3RzViRjbGFzc6INDoACgAOiEBGABIAFgAdccmVsYXRpdmVQYXRoWWFsaWFzRGF0YV8QGlBhcGVycy9FYmRlbl9HUFJfSW50cm8ucGRm0hcLGBlXTlMuZGF0YU8RAeYAAAAAAeYAAgAAD0Vza3JlaXMtV2lua2xlcgAAAAAAAAAAAAAAAMtpmQ9IKwAAAw5i8BNFYmRlbl9HUFJfSW50cm8ucGRmAAAAAAAAAAAAAAAAAAAAAAAAAAAAAAAAAAAAAAAAAAAAAAAAAAAAAAAAAAADN2dk0mWIKQAAAAAAAAAAAAEAAwAACSAAAAAAAAAAAAAAAAAAAAAGUGFwZXJzABAACAAAy2ntbwAAABEACAAA0mXciQAAAAEAGAMOYvADCxSGAwiJLAHvL7gABdRzAAC5VwACAGBFc2tyZWlzLVdpbmtsZXI6VXNlcnM6AGplZmZyZXl3aW5rbGVyOgBHb29nbGVfRHJpdmU6ADE1ZmFsbDoAS29uZG9yOgBQYXBlcnM6AEViZGVuX0dQUl9JbnRyby5wZGYADgAoABMARQBiAGQAZQBuAF8ARwBQAFIAXwBJAG4AdAByAG8ALgBwAGQAZgAPACAADwBFAHMAawByAGUAaQBzAC0AVwBpAG4AawBsAGUAcgASAEpVc2Vycy9qZWZmcmV5d2lua2xlci9Hb29nbGVfRHJpdmUvMTVmYWxsL0tvbmRvci9QYXBlcnMvRWJkZW5fR1BSX0ludHJvLnBkZgATAAEvAAAVAAIAFf//AACABtIbHB0eWiRjbGFzc25hbWVYJGNsYXNzZXNdTlNNdXRhYmxlRGF0YaMdHyBWTlNEYXRhWE5TT2JqZWN00hscIiNcTlNEaWN0aW9uYXJ5oiIgXxAPTlNLZXllZEFyY2hpdmVy0SYnVHJvb3SAAQAIABEAGgAjAC0AMgA3AEAARgBNAFUAYABnAGoAbABuAHEAcwB1AHcAhACOAKsAsAC4AqICpAKpArQCvQLLAs8C1gLfAuQC8QL0AwYDCQMOAAAAAAAAAgEAAAAAAAAAKAAAAAAAAAAAAAAAAAAAAxA=}}

@article{Ambikasaran2015,
	Author = {Sivaram Ambikasaran; Daniel Foreman-Mackey; Leslie Greengard; David W. Hogg; Michael O'Neil},
	Date-Added = {2015-11-09 16:01:38 +0000},
	Date-Modified = {2015-11-09 16:02:56 +0000},
	Journal = {arXiv:1403.6015v2},
	Month = {April},
	Title = {Fast Direct Methods for Gaussian Processes},
	Year = {2015},
	Bdsk-File-1 = {YnBsaXN0MDDUAQIDBAUGJCVYJHZlcnNpb25YJG9iamVjdHNZJGFyY2hpdmVyVCR0b3ASAAGGoKgHCBMUFRYaIVUkbnVsbNMJCgsMDxJXTlMua2V5c1pOUy5vYmplY3RzViRjbGFzc6INDoACgAOiEBGABIAFgAdccmVsYXRpdmVQYXRoWWFsaWFzRGF0YV8QHFBhcGVycy9EaXJlY3RNZXRob2RzX0dQcy5wZGbSFwsYGVdOUy5kYXRhTxEB7gAAAAAB7gACAAAPRXNrcmVpcy1XaW5rbGVyAAAAAAAAAAAAAAAAy2mZD0grAAADDmLwFURpcmVjdE1ldGhvZHNfR1BzLnBkZgAAAAAAAAAAAAAAAAAAAAAAAAAAAAAAAAAAAAAAAAAAAAAAAAAAAAAAAAMOYszSMtCBAAAAAAAAAAAAAQADAAAJIAAAAAAAAAAAAAAAAAAAAAZQYXBlcnMAEAAIAADLae1vAAAAEQAIAADSMxbRAAAAAQAYAw5i8AMLFIYDCIksAe8vuAAF1HMAALlXAAIAYkVza3JlaXMtV2lua2xlcjpVc2VyczoAamVmZnJleXdpbmtsZXI6AEdvb2dsZV9Ecml2ZToAMTVmYWxsOgBLb25kb3I6AFBhcGVyczoARGlyZWN0TWV0aG9kc19HUHMucGRmAA4ALAAVAEQAaQByAGUAYwB0AE0AZQB0AGgAbwBkAHMAXwBHAFAAcwAuAHAAZABmAA8AIAAPAEUAcwBrAHIAZQBpAHMALQBXAGkAbgBrAGwAZQByABIATFVzZXJzL2plZmZyZXl3aW5rbGVyL0dvb2dsZV9Ecml2ZS8xNWZhbGwvS29uZG9yL1BhcGVycy9EaXJlY3RNZXRob2RzX0dQcy5wZGYAEwABLwAAFQACABX//wAAgAbSGxwdHlokY2xhc3NuYW1lWCRjbGFzc2VzXU5TTXV0YWJsZURhdGGjHR8gVk5TRGF0YVhOU09iamVjdNIbHCIjXE5TRGljdGlvbmFyeaIiIF8QD05TS2V5ZWRBcmNoaXZlctEmJ1Ryb290gAEACAARABoAIwAtADIANwBAAEYATQBVAGAAZwBqAGwAbgBxAHMAdQB3AIQAjgCtALIAugKsAq4CswK+AscC1QLZAuAC6QLuAvsC/gMQAxMDGAAAAAAAAAIBAAAAAAAAACgAAAAAAAAAAAAAAAAAAAMa}}

@article{Chalupka2013,
	Author = {Krzysztof Chalupka; Chrisopher K.I. Williams; Iain Murray},
	Date-Added = {2015-11-09 15:59:57 +0000},
	Date-Modified = {2015-11-09 16:01:22 +0000},
	Journal = {Journal of Machine Learning Research},
	Keywords = {Gaussian Process},
	Pages = {333-350},
	Title = {A Framework for Evaluating Approximation Methods for Gaussian Process Regression},
	Volume = {14},
	Year = {2013},
	Bdsk-File-1 = {YnBsaXN0MDDUAQIDBAUGJCVYJHZlcnNpb25YJG9iamVjdHNZJGFyY2hpdmVyVCR0b3ASAAGGoKgHCBMUFRYaIVUkbnVsbNMJCgsMDxJXTlMua2V5c1pOUy5vYmplY3RzViRjbGFzc6INDoACgAOiEBGABIAFgAdccmVsYXRpdmVQYXRoWWFsaWFzRGF0YV8QNVBhcGVycy9DaGFsdXBrYV9GcmFtZXdvcmtFdmFsdWF0aW5nQXBwcm94aW1hdGlvbnMucGRm0hcLGBlXTlMuZGF0YU8RAkQAAAAAAkQAAgAAD0Vza3JlaXMtV2lua2xlcgAAAAAAAAAAAAAAAMtpmQ9IKwAAAw5i8B9DaGFsdXBrYV9GcmFtZXdvcmtFIzMzN0FFMEYucGRmAAAAAAAAAAAAAAAAAAAAAAAAAAAAAAAAAAAAAAAAAAADN64P0mYWEgAAAAAAAAAAAAEAAwAACSAAAAAAAAAAAAAAAAAAAAAGUGFwZXJzABAACAAAy2ntbwAAABEACAAA0mZqcgAAAAEAGAMOYvADCxSGAwiJLAHvL7gABdRzAAC5VwACAGxFc2tyZWlzLVdpbmtsZXI6VXNlcnM6AGplZmZyZXl3aW5rbGVyOgBHb29nbGVfRHJpdmU6ADE1ZmFsbDoAS29uZG9yOgBQYXBlcnM6AENoYWx1cGthX0ZyYW1ld29ya0UjMzM3QUUwRi5wZGYADgBeAC4AQwBoAGEAbAB1AHAAawBhAF8ARgByAGEAbQBlAHcAbwByAGsARQB2AGEAbAB1AGEAdABpAG4AZwBBAHAAcAByAG8AeABpAG0AYQB0AGkAbwBuAHMALgBwAGQAZgAPACAADwBFAHMAawByAGUAaQBzAC0AVwBpAG4AawBsAGUAcgASAGVVc2Vycy9qZWZmcmV5d2lua2xlci9Hb29nbGVfRHJpdmUvMTVmYWxsL0tvbmRvci9QYXBlcnMvQ2hhbHVwa2FfRnJhbWV3b3JrRXZhbHVhdGluZ0FwcHJveGltYXRpb25zLnBkZgAAEwABLwAAFQACABX//wAAgAbSGxwdHlokY2xhc3NuYW1lWCRjbGFzc2VzXU5TTXV0YWJsZURhdGGjHR8gVk5TRGF0YVhOU09iamVjdNIbHCIjXE5TRGljdGlvbmFyeaIiIF8QD05TS2V5ZWRBcmNoaXZlctEmJ1Ryb290gAEACAARABoAIwAtADIANwBAAEYATQBVAGAAZwBqAGwAbgBxAHMAdQB3AIQAjgDGAMsA0wMbAx0DIgMtAzYDRANIA08DWANdA2oDbQN/A4IDhwAAAAAAAAIBAAAAAAAAACgAAAAAAAAAAAAAAAAAAAOJ}}

@conference{Borm2007,
	Author = {Steffen B{\"o}rm; Jochen Garcke},
	Booktitle = {Proceedings of the 18th European Conference on Machine Learning},
	Date-Added = {2015-11-09 15:55:02 +0000},
	Date-Modified = {2015-11-09 15:57:46 +0000},
	Title = {Approximating Gaussian Processes with H2-Matrices},
	Year = {2007},
	Bdsk-File-1 = {YnBsaXN0MDDUAQIDBAUGJCVYJHZlcnNpb25YJG9iamVjdHNZJGFyY2hpdmVyVCR0b3ASAAGGoKgHCBMUFRYaIVUkbnVsbNMJCgsMDxJXTlMua2V5c1pOUy5vYmplY3RzViRjbGFzc6INDoACgAOiEBGABIAFgAdccmVsYXRpdmVQYXRoWWFsaWFzRGF0YV8QG1BhcGVycy9Cb3JtX0dQc193aXRoX0gyLnBkZtIXCxgZV05TLmRhdGFPEQHsAAAAAAHsAAIAAA9Fc2tyZWlzLVdpbmtsZXIAAAAAAAAAAAAAAADLaZkPSCsAAAMOYvAUQm9ybV9HUHNfd2l0aF9IMi5wZGYAAAAAAAAAAAAAAAAAAAAAAAAAAAAAAAAAAAAAAAAAAAAAAAAAAAAAAAAAAzdmX9Jlh+YAAAAAAAAAAAABAAMAAAkgAAAAAAAAAAAAAAAAAAAABlBhcGVycwAQAAgAAMtp7W8AAAARAAgAANJl3EYAAAABABgDDmLwAwsUhgMIiSwB7y+4AAXUcwAAuVcAAgBhRXNrcmVpcy1XaW5rbGVyOlVzZXJzOgBqZWZmcmV5d2lua2xlcjoAR29vZ2xlX0RyaXZlOgAxNWZhbGw6AEtvbmRvcjoAUGFwZXJzOgBCb3JtX0dQc193aXRoX0gyLnBkZgAADgAqABQAQgBvAHIAbQBfAEcAUABzAF8AdwBpAHQAaABfAEgAMgAuAHAAZABmAA8AIAAPAEUAcwBrAHIAZQBpAHMALQBXAGkAbgBrAGwAZQByABIAS1VzZXJzL2plZmZyZXl3aW5rbGVyL0dvb2dsZV9Ecml2ZS8xNWZhbGwvS29uZG9yL1BhcGVycy9Cb3JtX0dQc193aXRoX0gyLnBkZgAAEwABLwAAFQACABX//wAAgAbSGxwdHlokY2xhc3NuYW1lWCRjbGFzc2VzXU5TTXV0YWJsZURhdGGjHR8gVk5TRGF0YVhOU09iamVjdNIbHCIjXE5TRGljdGlvbmFyeaIiIF8QD05TS2V5ZWRBcmNoaXZlctEmJ1Ryb290gAEACAARABoAIwAtADIANwBAAEYATQBVAGAAZwBqAGwAbgBxAHMAdQB3AIQAjgCsALEAuQKpAqsCsAK7AsQC0gLWAt0C5gLrAvgC+wMNAxADFQAAAAAAAAIBAAAAAAAAACgAAAAAAAAAAAAAAAAAAAMX}}

@article{Anitescu2012,
	Author = {Mihai Anitescu; Jie Chen; Lei Wang},
	Date-Added = {2015-11-09 15:52:15 +0000},
	Date-Modified = {2015-11-09 15:54:41 +0000},
	Journal = {Journal of Scientific Computing},
	Keywords = {Gaussian Process},
	Number = {1},
	Pages = {A240-A262},
	Title = {A Matrix-Free Approach for Solving the Parametric Gaussian Process Maximum Likelihood Problem},
	Volume = {34},
	Year = {2012},
	Bdsk-File-1 = {YnBsaXN0MDDUAQIDBAUGJCVYJHZlcnNpb25YJG9iamVjdHNZJGFyY2hpdmVyVCR0b3ASAAGGoKgHCBMUFRYaIVUkbnVsbNMJCgsMDxJXTlMua2V5c1pOUy5vYmplY3RzViRjbGFzc6INDoACgAOiEBGABIAFgAdccmVsYXRpdmVQYXRoWWFsaWFzRGF0YV8QJlBhcGVycy9Bbml0ZXNjdV9NYXRyaXhGcmVlQXBwcm9hY2gucGRm0hcLGBlXTlMuZGF0YU8RAhYAAAAAAhYAAgAAD0Vza3JlaXMtV2lua2xlcgAAAAAAAAAAAAAAAMtpmQ9IKwAAAw5i8B9Bbml0ZXNjdV9NYXRyaXhGcmVlQXBwcm9hY2gucGRmAAAAAAAAAAAAAAAAAAAAAAAAAAAAAAAAAAAAAAAAAAADN6sj0mYVXQAAAAAAAAAAAAEAAwAACSAAAAAAAAAAAAAAAAAAAAAGUGFwZXJzABAACAAAy2ntbwAAABEACAAA0mZpvQAAAAEAGAMOYvADCxSGAwiJLAHvL7gABdRzAAC5VwACAGxFc2tyZWlzLVdpbmtsZXI6VXNlcnM6AGplZmZyZXl3aW5rbGVyOgBHb29nbGVfRHJpdmU6ADE1ZmFsbDoAS29uZG9yOgBQYXBlcnM6AEFuaXRlc2N1X01hdHJpeEZyZWVBcHByb2FjaC5wZGYADgBAAB8AQQBuAGkAdABlAHMAYwB1AF8ATQBhAHQAcgBpAHgARgByAGUAZQBBAHAAcAByAG8AYQBjAGgALgBwAGQAZgAPACAADwBFAHMAawByAGUAaQBzAC0AVwBpAG4AawBsAGUAcgASAFZVc2Vycy9qZWZmcmV5d2lua2xlci9Hb29nbGVfRHJpdmUvMTVmYWxsL0tvbmRvci9QYXBlcnMvQW5pdGVzY3VfTWF0cml4RnJlZUFwcHJvYWNoLnBkZgATAAEvAAAVAAIAFf//AACABtIbHB0eWiRjbGFzc25hbWVYJGNsYXNzZXNdTlNNdXRhYmxlRGF0YaMdHyBWTlNEYXRhWE5TT2JqZWN00hscIiNcTlNEaWN0aW9uYXJ5oiIgXxAPTlNLZXllZEFyY2hpdmVy0SYnVHJvb3SAAQAIABEAGgAjAC0AMgA3AEAARgBNAFUAYABnAGoAbABuAHEAcwB1AHcAhACOALcAvADEAt4C4ALlAvAC+QMHAwsDEgMbAyADLQMwA0IDRQNKAAAAAAAAAgEAAAAAAAAAKAAAAAAAAAAAAAAAAAAAA0w=}}

@article{Ambikasaran2014,
	Author = {Sivram Ambikasaran; Michael O'Neil},
	Date-Added = {2015-11-09 15:49:40 +0000},
	Date-Modified = {2015-11-09 15:54:52 +0000},
	Keywords = {Hierarchical Matrices},
	Title = {Fast Symmetric Factorization of Hierarchical Matrices with Applications},
	Year = {2014},
	Bdsk-File-1 = {YnBsaXN0MDDUAQIDBAUGJCVYJHZlcnNpb25YJG9iamVjdHNZJGFyY2hpdmVyVCR0b3ASAAGGoKgHCBMUFRYaIVUkbnVsbNMJCgsMDxJXTlMua2V5c1pOUy5vYmplY3RzViRjbGFzc6INDoACgAOiEBGABIAFgAdccmVsYXRpdmVQYXRoWWFsaWFzRGF0YV8QMlBhcGVycy9BbWJpa2FzYXJhbl9GYXN0U3ltbWV0cmljRmFjdG9yaXphdGlvbnMucGRm0hcLGBlXTlMuZGF0YU8RAjoAAAAAAjoAAgAAD0Vza3JlaXMtV2lua2xlcgAAAAAAAAAAAAAAAMtpmQ9IKwAAAw5i8B9BbWJpa2FzYXJhbl9GYXN0U3ltIzMzNzY4RDQucGRmAAAAAAAAAAAAAAAAAAAAAAAAAAAAAAAAAAAAAAAAAAADN2jU0mWIjgAAAAAAAAAAAAEAAwAACSAAAAAAAAAAAAAAAAAAAAAGUGFwZXJzABAACAAAy2ntbwAAABEACAAA0mXc7gAAAAEAGAMOYvADCxSGAwiJLAHvL7gABdRzAAC5VwACAGxFc2tyZWlzLVdpbmtsZXI6VXNlcnM6AGplZmZyZXl3aW5rbGVyOgBHb29nbGVfRHJpdmU6ADE1ZmFsbDoAS29uZG9yOgBQYXBlcnM6AEFtYmlrYXNhcmFuX0Zhc3RTeW0jMzM3NjhENC5wZGYADgBYACsAQQBtAGIAaQBrAGEAcwBhAHIAYQBuAF8ARgBhAHMAdABTAHkAbQBtAGUAdAByAGkAYwBGAGEAYwB0AG8AcgBpAHoAYQB0AGkAbwBuAHMALgBwAGQAZgAPACAADwBFAHMAawByAGUAaQBzAC0AVwBpAG4AawBsAGUAcgASAGJVc2Vycy9qZWZmcmV5d2lua2xlci9Hb29nbGVfRHJpdmUvMTVmYWxsL0tvbmRvci9QYXBlcnMvQW1iaWthc2FyYW5fRmFzdFN5bW1ldHJpY0ZhY3Rvcml6YXRpb25zLnBkZgATAAEvAAAVAAIAFf//AACABtIbHB0eWiRjbGFzc25hbWVYJGNsYXNzZXNdTlNNdXRhYmxlRGF0YaMdHyBWTlNEYXRhWE5TT2JqZWN00hscIiNcTlNEaWN0aW9uYXJ5oiIgXxAPTlNLZXllZEFyY2hpdmVy0SYnVHJvb3SAAQAIABEAGgAjAC0AMgA3AEAARgBNAFUAYABnAGoAbABuAHEAcwB1AHcAhACOAMMAyADQAw4DEAMVAyADKQM3AzsDQgNLA1ADXQNgA3IDdQN6AAAAAAAAAgEAAAAAAAAAKAAAAAAAAAAAAAAAAAAAA3w=}}

@techreport{Borm2003,
	Author = {Steffen B{\"o}rm ; Lars Grasedyck ; Wolfgang Hackbusch},
	Date-Modified = {2015-11-09 01:17:55 +0000},
	Institution = {Max Planck Institute for Mathematics in the Sciences},
	Keywords = {Hierarchical Matrices},
	Title = {Hierarchical matrices},
	Url = {http://www.mis.mpg.de/de/publications/andere-reihen/ln/lecturenote-2103.html},
	Year = {2003},
	Bdsk-Url-1 = {http://www.mis.mpg.de/de/publications/andere-reihen/ln/lecturenote-2103.html}}
