%% This BibTeX bibliography file was created using BibDesk.
%% http://bibdesk.sourceforge.net/


%% Created for Jonathan Eskreis-Winkler at 2015-11-09 11:18:27 -0600 


%% Saved with string encoding Unicode (UTF-8) 



@conference{Yang2005,
	Author = {Changjiang Yang; Ramani Duraiswami; Larry Davis},
	Booktitle = {Advances in neural information processing systems 07},
	Date-Added = {2015-11-09 16:23:55 +0000},
	Date-Modified = {2015-11-09 16:25:47 +0000},
	Title = {Efficient Kernel Machines Using the Improved Fast Gauss Transform},
	Year = {2005},
	Bdsk-File-1 = {YnBsaXN0MDDUAQIDBAUGJCVYJHZlcnNpb25YJG9iamVjdHNZJGFyY2hpdmVyVCR0b3ASAAGGoKgHCBMUFRYaIVUkbnVsbNMJCgsMDxJXTlMua2V5c1pOUy5vYmplY3RzViRjbGFzc6INDoACgAOiEBGABIAFgAdccmVsYXRpdmVQYXRoWWFsaWFzRGF0YV8QIFlhbmdfRWZmaWNpZW50S2VybmVsTWFjaGluZXMucGRm0hcLGBlXTlMuZGF0YU8RAhoAAAAAAhoAAgAAD0Vza3JlaXMtV2lua2xlcgAAAAAAAAAAAAAAAMtpmQ9IKwAAAw5i8B9ZYW5nX0VmZmljaWVudEtlcm5lIzMzN0I5NzMucGRmAAAAAAAAAAAAAAAAAAAAAAAAAAAAAAAAAAAAAAAAAAADN7lz0mYZQwAAAAAAAAAAAAEAAgAACSAAAAAAAAAAAAAAAAAAAAAGUGFwZXJzABAACAAAy2ntbwAAABEACAAA0mZtowAAAAEAGAMOYvADCxSGAwiJLAHvL7gABdRzAAC5VwACAGxFc2tyZWlzLVdpbmtsZXI6VXNlcnM6AGplZmZyZXl3aW5rbGVyOgBHb29nbGUgRHJpdmU6ADE1ZmFsbDoAS29uZG9yOgBQYXBlcnM6AFlhbmdfRWZmaWNpZW50S2VybmUjMzM3Qjk3My5wZGYADgBCACAAWQBhAG4AZwBfAEUAZgBmAGkAYwBpAGUAbgB0AEsAZQByAG4AZQBsAE0AYQBjAGgAaQBuAGUAcwAuAHAAZABmAA8AIAAPAEUAcwBrAHIAZQBpAHMALQBXAGkAbgBrAGwAZQByABIAV1VzZXJzL2plZmZyZXl3aW5rbGVyL0dvb2dsZSBEcml2ZS8xNWZhbGwvS29uZG9yL1BhcGVycy9ZYW5nX0VmZmljaWVudEtlcm5lbE1hY2hpbmVzLnBkZgAAEwABLwAAFQACABX//wAAgAbSGxwdHlokY2xhc3NuYW1lWCRjbGFzc2VzXU5TTXV0YWJsZURhdGGjHR8gVk5TRGF0YVhOU09iamVjdNIbHCIjXE5TRGljdGlvbmFyeaIiIF8QD05TS2V5ZWRBcmNoaXZlctEmJ1Ryb290gAEACAARABoAIwAtADIANwBAAEYATQBVAGAAZwBqAGwAbgBxAHMAdQB3AIQAjgCxALYAvgLcAt4C4wLuAvcDBQMJAxADGQMeAysDLgNAA0MDSAAAAAAAAAIBAAAAAAAAACgAAAAAAAAAAAAAAAAAAANK}}

@conference{Smola2001,
	Author = {Alex J. Smola; Peter Bartlett},
	Booktitle = {Advances in Neural Information Processing Systems 13},
	Date-Added = {2015-11-09 16:21:04 +0000},
	Date-Modified = {2015-11-09 16:23:39 +0000},
	Editor = {T. K. Leen; T. G. Dietterich; V. Tresp},
	Pages = {619-625},
	Publisher = {The MIT Press},
	Title = {Sparse Greedy Gaussian Process Regression},
	Year = {2001},
	Bdsk-File-1 = {YnBsaXN0MDDUAQIDBAUGJCVYJHZlcnNpb25YJG9iamVjdHNZJGFyY2hpdmVyVCR0b3ASAAGGoKgHCBMUFRYaIVUkbnVsbNMJCgsMDxJXTlMua2V5c1pOUy5vYmplY3RzViRjbGFzc6INDoACgAOiEBGABIAFgAdccmVsYXRpdmVQYXRoWWFsaWFzRGF0YV8QF1Ntb2xhX0Zhc3RHcmVlZHlHUFIucGRm0hcLGBlXTlMuZGF0YU8RAfYAAAAAAfYAAgAAD0Vza3JlaXMtV2lua2xlcgAAAAAAAAAAAAAAAMtpmQ9IKwAAAw5i8BdTbW9sYV9GYXN0R3JlZWR5R1BSLnBkZgAAAAAAAAAAAAAAAAAAAAAAAAAAAAAAAAAAAAAAAAAAAAAAAAAAAAADN7nD0mYZbgAAAAAAAAAAAAEAAgAACSAAAAAAAAAAAAAAAAAAAAAGUGFwZXJzABAACAAAy2ntbwAAABEACAAA0mZtzgAAAAEAGAMOYvADCxSGAwiJLAHvL7gABdRzAAC5VwACAGRFc2tyZWlzLVdpbmtsZXI6VXNlcnM6AGplZmZyZXl3aW5rbGVyOgBHb29nbGUgRHJpdmU6ADE1ZmFsbDoAS29uZG9yOgBQYXBlcnM6AFNtb2xhX0Zhc3RHcmVlZHlHUFIucGRmAA4AMAAXAFMAbQBvAGwAYQBfAEYAYQBzAHQARwByAGUAZQBkAHkARwBQAFIALgBwAGQAZgAPACAADwBFAHMAawByAGUAaQBzAC0AVwBpAG4AawBsAGUAcgASAE5Vc2Vycy9qZWZmcmV5d2lua2xlci9Hb29nbGUgRHJpdmUvMTVmYWxsL0tvbmRvci9QYXBlcnMvU21vbGFfRmFzdEdyZWVkeUdQUi5wZGYAEwABLwAAFQACABX//wAAgAbSGxwdHlokY2xhc3NuYW1lWCRjbGFzc2VzXU5TTXV0YWJsZURhdGGjHR8gVk5TRGF0YVhOU09iamVjdNIbHCIjXE5TRGljdGlvbmFyeaIiIF8QD05TS2V5ZWRBcmNoaXZlctEmJ1Ryb290gAEACAARABoAIwAtADIANwBAAEYATQBVAGAAZwBqAGwAbgBxAHMAdQB3AIQAjgCoAK0AtQKvArECtgLBAsoC2ALcAuMC7ALxAv4DAQMTAxYDGwAAAAAAAAIBAAAAAAAAACgAAAAAAAAAAAAAAAAAAAMd}}

@conference{Shen2006,
	Author = {Yirong Shen; Andrew Y. Ng; Matthias Seeger},
	Booktitle = {In Advances in Neural Information Processing Systems},
	Date-Added = {2015-11-09 16:18:23 +0000},
	Date-Modified = {2015-11-09 16:20:53 +0000},
	Title = {Fast Gaussian Process Regression using KD-Trees},
	Year = {2006},
	Bdsk-File-1 = {YnBsaXN0MDDUAQIDBAUGJCVYJHZlcnNpb25YJG9iamVjdHNZJGFyY2hpdmVyVCR0b3ASAAGGoKgHCBMUFRYaIVUkbnVsbNMJCgsMDxJXTlMua2V5c1pOUy5vYmplY3RzViRjbGFzc6INDoACgAOiEBGABIAFgAdccmVsYXRpdmVQYXRoWWFsaWFzRGF0YV8QH1NoZW5fRmFzdEdQUl9Vc2luZ19LRF9UcmVlcy5wZGbSFwsYGVdOUy5kYXRhTxECFgAAAAACFgACAAAPRXNrcmVpcy1XaW5rbGVyAAAAAAAAAAAAAAAAy2mZD0grAAADDmLwH1NoZW5fRmFzdEdQUl9Vc2luZ19LRF9UcmVlcy5wZGYAAAAAAAAAAAAAAAAAAAAAAAAAAAAAAAAAAAAAAAAAAAM3t3XSZhiFAAAAAAAAAAAAAQACAAAJIAAAAAAAAAAAAAAAAAAAAAZQYXBlcnMAEAAIAADLae1vAAAAEQAIAADSZmzlAAAAAQAYAw5i8AMLFIYDCIksAe8vuAAF1HMAALlXAAIAbEVza3JlaXMtV2lua2xlcjpVc2VyczoAamVmZnJleXdpbmtsZXI6AEdvb2dsZSBEcml2ZToAMTVmYWxsOgBLb25kb3I6AFBhcGVyczoAU2hlbl9GYXN0R1BSX1VzaW5nX0tEX1RyZWVzLnBkZgAOAEAAHwBTAGgAZQBuAF8ARgBhAHMAdABHAFAAUgBfAFUAcwBpAG4AZwBfAEsARABfAFQAcgBlAGUAcwAuAHAAZABmAA8AIAAPAEUAcwBrAHIAZQBpAHMALQBXAGkAbgBrAGwAZQByABIAVlVzZXJzL2plZmZyZXl3aW5rbGVyL0dvb2dsZSBEcml2ZS8xNWZhbGwvS29uZG9yL1BhcGVycy9TaGVuX0Zhc3RHUFJfVXNpbmdfS0RfVHJlZXMucGRmABMAAS8AABUAAgAV//8AAIAG0hscHR5aJGNsYXNzbmFtZVgkY2xhc3Nlc11OU011dGFibGVEYXRhox0fIFZOU0RhdGFYTlNPYmplY3TSGxwiI1xOU0RpY3Rpb25hcnmiIiBfEA9OU0tleWVkQXJjaGl2ZXLRJidUcm9vdIABAAgAEQAaACMALQAyADcAQABGAE0AVQBgAGcAagBsAG4AcQBzAHUAdwCEAI4AsAC1AL0C1wLZAt4C6QLyAwADBAMLAxQDGQMmAykDOwM+A0MAAAAAAAACAQAAAAAAAAAoAAAAAAAAAAAAAAAAAAADRQ==}}

@article{Wilson2015,
	Author = {Andrew Gordon Wilson; Christoph Dann; Hannes Nickisch},
	Date-Added = {2015-11-09 16:15:16 +0000},
	Date-Modified = {2015-11-09 16:18:11 +0000},
	Journal = {arXiv:1511.01870},
	Title = {Thoughts on Massively Scalable Gaussian Processes},
	Year = {2015},
	Bdsk-File-1 = {YnBsaXN0MDDUAQIDBAUGJCVYJHZlcnNpb25YJG9iamVjdHNZJGFyY2hpdmVyVCR0b3ASAAGGoKgHCBMUFRYaIVUkbnVsbNMJCgsMDxJXTlMua2V5c1pOUy5vYmplY3RzViRjbGFzc6INDoACgAOiEBGABIAFgAdccmVsYXRpdmVQYXRoWWFsaWFzRGF0YV8QF01hc3NpdmVseVNjYWxhYmxlR1AucGRm0hcLGBlXTlMuZGF0YU8RAfYAAAAAAfYAAgAAD0Vza3JlaXMtV2lua2xlcgAAAAAAAAAAAAAAAMtpmQ9IKwAAAw5i8BdNYXNzaXZlbHlTY2FsYWJsZUdQLnBkZgAAAAAAAAAAAAAAAAAAAAAAAAAAAAAAAAAAAAAAAAAAAAAAAAAAAAADN2P10mWHGwAAAAAAAAAAAAEAAgAACSAAAAAAAAAAAAAAAAAAAAAGUGFwZXJzABAACAAAy2ntbwAAABEACAAA0mXbewAAAAEAGAMOYvADCxSGAwiJLAHvL7gABdRzAAC5VwACAGRFc2tyZWlzLVdpbmtsZXI6VXNlcnM6AGplZmZyZXl3aW5rbGVyOgBHb29nbGUgRHJpdmU6ADE1ZmFsbDoAS29uZG9yOgBQYXBlcnM6AE1hc3NpdmVseVNjYWxhYmxlR1AucGRmAA4AMAAXAE0AYQBzAHMAaQB2AGUAbAB5AFMAYwBhAGwAYQBiAGwAZQBHAFAALgBwAGQAZgAPACAADwBFAHMAawByAGUAaQBzAC0AVwBpAG4AawBsAGUAcgASAE5Vc2Vycy9qZWZmcmV5d2lua2xlci9Hb29nbGUgRHJpdmUvMTVmYWxsL0tvbmRvci9QYXBlcnMvTWFzc2l2ZWx5U2NhbGFibGVHUC5wZGYAEwABLwAAFQACABX//wAAgAbSGxwdHlokY2xhc3NuYW1lWCRjbGFzc2VzXU5TTXV0YWJsZURhdGGjHR8gVk5TRGF0YVhOU09iamVjdNIbHCIjXE5TRGljdGlvbmFyeaIiIF8QD05TS2V5ZWRBcmNoaXZlctEmJ1Ryb290gAEACAARABoAIwAtADIANwBAAEYATQBVAGAAZwBqAGwAbgBxAHMAdQB3AIQAjgCoAK0AtQKvArECtgLBAsoC2ALcAuMC7ALxAv4DAQMTAxYDGwAAAAAAAAIBAAAAAAAAACgAAAAAAAAAAAAAAAAAAAMd}}

@techreport{Mackay1998,
	Author = {David J.C. Mackay},
	Date-Added = {2015-11-09 16:13:23 +0000},
	Date-Modified = {2015-11-09 16:15:10 +0000},
	Institution = {Cambridge University, Cavendish Laboratory},
	Title = {Introduction to Gaussian Processes},
	Year = {1998},
	Bdsk-File-1 = {YnBsaXN0MDDUAQIDBAUGJCVYJHZlcnNpb25YJG9iamVjdHNZJGFyY2hpdmVyVCR0b3ASAAGGoKgHCBMUFRYaIVUkbnVsbNMJCgsMDxJXTlMua2V5c1pOUy5vYmplY3RzViRjbGFzc6INDoACgAOiEBGABIAFgAdccmVsYXRpdmVQYXRoWWFsaWFzRGF0YV8QF01hY0theV9JbnRyb190b19HUHMucGRm0hcLGBlXTlMuZGF0YU8RAfYAAAAAAfYAAgAAD0Vza3JlaXMtV2lua2xlcgAAAAAAAAAAAAAAAMtpmQ9IKwAAAw5i8BdNYWNLYXlfSW50cm9fdG9fR1BzLnBkZgAAAAAAAAAAAAAAAAAAAAAAAAAAAAAAAAAAAAAAAAAAAAAAAAAAAAADN2f40mWIVAAAAAAAAAAAAAEAAgAACSAAAAAAAAAAAAAAAAAAAAAGUGFwZXJzABAACAAAy2ntbwAAABEACAAA0mXctAAAAAEAGAMOYvADCxSGAwiJLAHvL7gABdRzAAC5VwACAGRFc2tyZWlzLVdpbmtsZXI6VXNlcnM6AGplZmZyZXl3aW5rbGVyOgBHb29nbGUgRHJpdmU6ADE1ZmFsbDoAS29uZG9yOgBQYXBlcnM6AE1hY0theV9JbnRyb190b19HUHMucGRmAA4AMAAXAE0AYQBjAEsAYQB5AF8ASQBuAHQAcgBvAF8AdABvAF8ARwBQAHMALgBwAGQAZgAPACAADwBFAHMAawByAGUAaQBzAC0AVwBpAG4AawBsAGUAcgASAE5Vc2Vycy9qZWZmcmV5d2lua2xlci9Hb29nbGUgRHJpdmUvMTVmYWxsL0tvbmRvci9QYXBlcnMvTWFjS2F5X0ludHJvX3RvX0dQcy5wZGYAEwABLwAAFQACABX//wAAgAbSGxwdHlokY2xhc3NuYW1lWCRjbGFzc2VzXU5TTXV0YWJsZURhdGGjHR8gVk5TRGF0YVhOU09iamVjdNIbHCIjXE5TRGljdGlvbmFyeaIiIF8QD05TS2V5ZWRBcmNoaXZlctEmJ1Ryb290gAEACAARABoAIwAtADIANwBAAEYATQBVAGAAZwBqAGwAbgBxAHMAdQB3AIQAjgCoAK0AtQKvArECtgLBAsoC2ALcAuMC7ALxAv4DAQMTAxYDGwAAAAAAAAIBAAAAAAAAACgAAAAAAAAAAAAAAAAAAAMd}}

@conference{Hensman2013,
	Author = {James Hensman; Nicolo Fusi; Neil D. Lawrence},
	Booktitle = {Proceedings of the Twenty-Ninth Conference on Uncertainty in Artificial Intelligence},
	Date-Added = {2015-11-09 16:11:44 +0000},
	Date-Modified = {2015-11-09 16:13:13 +0000},
	Title = {Gaussian Processes for Big Data},
	Year = {2013},
	Bdsk-File-1 = {YnBsaXN0MDDUAQIDBAUGJCVYJHZlcnNpb25YJG9iamVjdHNZJGFyY2hpdmVyVCR0b3ASAAGGoKgHCBMUFRYaIVUkbnVsbNMJCgsMDxJXTlMua2V5c1pOUy5vYmplY3RzViRjbGFzc6INDoACgAOiEBGABIAFgAdccmVsYXRpdmVQYXRoWWFsaWFzRGF0YV8QGkhlbnNtYW5fR1BfZm9yX0JpZ0RhdGEucGRm0hcLGBlXTlMuZGF0YU8RAgQAAAAAAgQAAgAAD0Vza3JlaXMtV2lua2xlcgAAAAAAAAAAAAAAAMtpmQ9IKwAAAw5i8BpIZW5zbWFuX0dQX2Zvcl9CaWdEYXRhLnBkZgAAAAAAAAAAAAAAAAAAAAAAAAAAAAAAAAAAAAAAAAAAAAAAAAADN7VC0mYXrQAAAAAAAAAAAAEAAgAACSAAAAAAAAAAAAAAAAAAAAAGUGFwZXJzABAACAAAy2ntbwAAABEACAAA0mZsDQAAAAEAGAMOYvADCxSGAwiJLAHvL7gABdRzAAC5VwACAGdFc2tyZWlzLVdpbmtsZXI6VXNlcnM6AGplZmZyZXl3aW5rbGVyOgBHb29nbGUgRHJpdmU6ADE1ZmFsbDoAS29uZG9yOgBQYXBlcnM6AEhlbnNtYW5fR1BfZm9yX0JpZ0RhdGEucGRmAAAOADYAGgBIAGUAbgBzAG0AYQBuAF8ARwBQAF8AZgBvAHIAXwBCAGkAZwBEAGEAdABhAC4AcABkAGYADwAgAA8ARQBzAGsAcgBlAGkAcwAtAFcAaQBuAGsAbABlAHIAEgBRVXNlcnMvamVmZnJleXdpbmtsZXIvR29vZ2xlIERyaXZlLzE1ZmFsbC9Lb25kb3IvUGFwZXJzL0hlbnNtYW5fR1BfZm9yX0JpZ0RhdGEucGRmAAATAAEvAAAVAAIAFf//AACABtIbHB0eWiRjbGFzc25hbWVYJGNsYXNzZXNdTlNNdXRhYmxlRGF0YaMdHyBWTlNEYXRhWE5TT2JqZWN00hscIiNcTlNEaWN0aW9uYXJ5oiIgXxAPTlNLZXllZEFyY2hpdmVy0SYnVHJvb3SAAQAIABEAGgAjAC0AMgA3AEAARgBNAFUAYABnAGoAbABuAHEAcwB1AHcAhACOAKsAsAC4AsACwgLHAtIC2wLpAu0C9AL9AwIDDwMSAyQDJwMsAAAAAAAAAgEAAAAAAAAAKAAAAAAAAAAAAAAAAAAAAy4=}}

@article{Hackbusch2004,
	Author = {Wolfgang Hackbusch; Steffen B{\"o}rm},
	Date-Added = {2015-11-09 16:09:20 +0000},
	Date-Modified = {2015-11-09 16:11:30 +0000},
	Journal = {Linear Algebra and its Applications},
	Number = {2-3},
	Pages = {380-403},
	Title = {Data-sparse Approximations by Adaptive H2-Matrices},
	Volume = {422},
	Year = {2007},
	Bdsk-File-1 = {YnBsaXN0MDDUAQIDBAUGJCVYJHZlcnNpb25YJG9iamVjdHNZJGFyY2hpdmVyVCR0b3ASAAGGoKgHCBMUFRYaIVUkbnVsbNMJCgsMDxJXTlMua2V5c1pOUy5vYmplY3RzViRjbGFzc6INDoACgAOiEBGABIAFgAdccmVsYXRpdmVQYXRoWWFsaWFzRGF0YV8QJUhhY2tidXNjaF9EYXRhc3BhcnNlQXBwcm94aW1hdGlvbi5wZGbSFwsYGVdOUy5kYXRhTxECKAAAAAACKAACAAAPRXNrcmVpcy1XaW5rbGVyAAAAAAAAAAAAAAAAy2mZD0grAAADDmLwH0hhY2tidXNjaF9EYXRhc3BhcnMjMzM3QjNCMC5wZGYAAAAAAAAAAAAAAAAAAAAAAAAAAAAAAAAAAAAAAAAAAAM3s7DSZhdEAAAAAAAAAAAAAQACAAAJIAAAAAAAAAAAAAAAAAAAAAZQYXBlcnMAEAAIAADLae1vAAAAEQAIAADSZmukAAAAAQAYAw5i8AMLFIYDCIksAe8vuAAF1HMAALlXAAIAbEVza3JlaXMtV2lua2xlcjpVc2VyczoAamVmZnJleXdpbmtsZXI6AEdvb2dsZSBEcml2ZToAMTVmYWxsOgBLb25kb3I6AFBhcGVyczoASGFja2J1c2NoX0RhdGFzcGFycyMzMzdCM0IwLnBkZgAOAEwAJQBIAGEAYwBrAGIAdQBzAGMAaABfAEQAYQB0AGEAcwBwAGEAcgBzAGUAQQBwAHAAcgBvAHgAaQBtAGEAdABpAG8AbgAuAHAAZABmAA8AIAAPAEUAcwBrAHIAZQBpAHMALQBXAGkAbgBrAGwAZQByABIAXFVzZXJzL2plZmZyZXl3aW5rbGVyL0dvb2dsZSBEcml2ZS8xNWZhbGwvS29uZG9yL1BhcGVycy9IYWNrYnVzY2hfRGF0YXNwYXJzZUFwcHJveGltYXRpb24ucGRmABMAAS8AABUAAgAV//8AAIAG0hscHR5aJGNsYXNzbmFtZVgkY2xhc3Nlc11OU011dGFibGVEYXRhox0fIFZOU0RhdGFYTlNPYmplY3TSGxwiI1xOU0RpY3Rpb25hcnmiIiBfEA9OU0tleWVkQXJjaGl2ZXLRJidUcm9vdIABAAgAEQAaACMALQAyADcAQABGAE0AVQBgAGcAagBsAG4AcQBzAHUAdwCEAI4AtgC7AMMC7wLxAvYDAQMKAxgDHAMjAywDMQM+A0EDUwNWA1sAAAAAAAACAQAAAAAAAAAoAAAAAAAAAAAAAAAAAAADXQ==}}

@article{Greengard1991,
	Author = {Leslie Greengard; John Strain},
	Date-Added = {2015-11-09 16:07:36 +0000},
	Date-Modified = {2015-11-09 16:09:08 +0000},
	Journal = {SIAM Journal of Scientific and Statistical Computing},
	Keywords = {Gauss Transform},
	Month = {January},
	Number = {1},
	Pages = {79-94},
	Title = {The Fast Gauss Transform},
	Volume = {12},
	Year = {1991},
	Bdsk-File-1 = {YnBsaXN0MDDUAQIDBAUGJCVYJHZlcnNpb25YJG9iamVjdHNZJGFyY2hpdmVyVCR0b3ASAAGGoKgHCBMUFRYaIVUkbnVsbNMJCgsMDxJXTlMua2V5c1pOUy5vYmplY3RzViRjbGFzc6INDoACgAOiEBGABIAFgAdccmVsYXRpdmVQYXRoWWFsaWFzRGF0YV8QIEdyZWVuZ2FyZF9GYXN0R2F1c3NUcmFuc2Zvcm0ucGRm0hcLGBlXTlMuZGF0YU8RAhoAAAAAAhoAAgAAD0Vza3JlaXMtV2lua2xlcgAAAAAAAAAAAAAAAMtpmQ9IKwAAAw5i8B9HcmVlbmdhcmRfRmFzdEdhdXNzIzMzN0IyMjUucGRmAAAAAAAAAAAAAAAAAAAAAAAAAAAAAAAAAAAAAAAAAAADN7Il0mYW9wAAAAAAAAAAAAEAAgAACSAAAAAAAAAAAAAAAAAAAAAGUGFwZXJzABAACAAAy2ntbwAAABEACAAA0mZrVwAAAAEAGAMOYvADCxSGAwiJLAHvL7gABdRzAAC5VwACAGxFc2tyZWlzLVdpbmtsZXI6VXNlcnM6AGplZmZyZXl3aW5rbGVyOgBHb29nbGUgRHJpdmU6ADE1ZmFsbDoAS29uZG9yOgBQYXBlcnM6AEdyZWVuZ2FyZF9GYXN0R2F1c3MjMzM3QjIyNS5wZGYADgBCACAARwByAGUAZQBuAGcAYQByAGQAXwBGAGEAcwB0AEcAYQB1AHMAcwBUAHIAYQBuAHMAZgBvAHIAbQAuAHAAZABmAA8AIAAPAEUAcwBrAHIAZQBpAHMALQBXAGkAbgBrAGwAZQByABIAV1VzZXJzL2plZmZyZXl3aW5rbGVyL0dvb2dsZSBEcml2ZS8xNWZhbGwvS29uZG9yL1BhcGVycy9HcmVlbmdhcmRfRmFzdEdhdXNzVHJhbnNmb3JtLnBkZgAAEwABLwAAFQACABX//wAAgAbSGxwdHlokY2xhc3NuYW1lWCRjbGFzc2VzXU5TTXV0YWJsZURhdGGjHR8gVk5TRGF0YVhOU09iamVjdNIbHCIjXE5TRGljdGlvbmFyeaIiIF8QD05TS2V5ZWRBcmNoaXZlctEmJ1Ryb290gAEACAARABoAIwAtADIANwBAAEYATQBVAGAAZwBqAGwAbgBxAHMAdQB3AIQAjgCxALYAvgLcAt4C4wLuAvcDBQMJAxADGQMeAysDLgNAA0MDSAAAAAAAAAIBAAAAAAAAACgAAAAAAAAAAAAAAAAAAANK}}

@book{Rasmussen2006,
	Author = {Carl Edward Rasmussen; Christopher K.I. Williams},
	Date-Added = {2015-11-09 16:05:36 +0000},
	Date-Modified = {2015-11-09 16:07:22 +0000},
	Publisher = {The MIT Press},
	Title = {Gaussian Processes for Machine Learning},
	Year = {2006},
	Bdsk-File-1 = {YnBsaXN0MDDUAQIDBAUGJCVYJHZlcnNpb25YJG9iamVjdHNZJGFyY2hpdmVyVCR0b3ASAAGGoKgHCBMUFRYaIVUkbnVsbNMJCgsMDxJXTlMua2V5c1pOUy5vYmplY3RzViRjbGFzc6INDoACgAOiEBGABIAFgAdccmVsYXRpdmVQYXRoWWFsaWFzRGF0YV1HUF9hbmRfTUwucGRm0hcLGBlXTlMuZGF0YU8RAc4AAAAAAc4AAgAAD0Vza3JlaXMtV2lua2xlcgAAAAAAAAAAAAAAAMtpmQ9IKwAAAw5i8A1HUF9hbmRfTUwucGRmAAAAAAAAAAAAAAAAAAAAAAAAAAAAAAAAAAAAAAAAAAAAAAAAAAAAAAAAAAAAAAAAAAADN2vS0mWJIQAAAAAAAAAAAAEAAgAACSAAAAAAAAAAAAAAAAAAAAAGUGFwZXJzABAACAAAy2ntbwAAABEACAAA0mXdgQAAAAEAGAMOYvADCxSGAwiJLAHvL7gABdRzAAC5VwACAFpFc2tyZWlzLVdpbmtsZXI6VXNlcnM6AGplZmZyZXl3aW5rbGVyOgBHb29nbGUgRHJpdmU6ADE1ZmFsbDoAS29uZG9yOgBQYXBlcnM6AEdQX2FuZF9NTC5wZGYADgAcAA0ARwBQAF8AYQBuAGQAXwBNAEwALgBwAGQAZgAPACAADwBFAHMAawByAGUAaQBzAC0AVwBpAG4AawBsAGUAcgASAERVc2Vycy9qZWZmcmV5d2lua2xlci9Hb29nbGUgRHJpdmUvMTVmYWxsL0tvbmRvci9QYXBlcnMvR1BfYW5kX01MLnBkZgATAAEvAAAVAAIAFf//AACABtIbHB0eWiRjbGFzc25hbWVYJGNsYXNzZXNdTlNNdXRhYmxlRGF0YaMdHyBWTlNEYXRhWE5TT2JqZWN00hscIiNcTlNEaWN0aW9uYXJ5oiIgXxAPTlNLZXllZEFyY2hpdmVy0SYnVHJvb3SAAQAIABEAGgAjAC0AMgA3AEAARgBNAFUAYABnAGoAbABuAHEAcwB1AHcAhACOAJwAoQCpAnsCfQKCAo0ClgKkAqgCrwK4Ar0CygLNAt8C4gLnAAAAAAAAAgEAAAAAAAAAKAAAAAAAAAAAAAAAAAAAAuk=}}

@book{Golub2013,
	Author = {Gene H. Golub; Charles F. Van Loan},
	Date-Added = {2015-11-09 16:04:24 +0000},
	Date-Modified = {2015-11-09 16:05:26 +0000},
	Publisher = {The Johns Hopkins University Press},
	Title = {Matrix Computations},
	Year = {2013},
	Bdsk-File-1 = {YnBsaXN0MDDUAQIDBAUGJCVYJHZlcnNpb25YJG9iamVjdHNZJGFyY2hpdmVyVCR0b3ASAAGGoKgHCBMUFRYaIVUkbnVsbNMJCgsMDxJXTlMua2V5c1pOUy5vYmplY3RzViRjbGFzc6INDoACgAOiEBGABIAFgAdccmVsYXRpdmVQYXRoWWFsaWFzRGF0YV8QHEdvbHViX01hdHJpeENvbXB1dGF0aW9ucy5wZGbSFwsYGVdOUy5kYXRhTxECDAAAAAACDAACAAAPRXNrcmVpcy1XaW5rbGVyAAAAAAAAAAAAAAAAy2mZD0grAAADDmLwHEdvbHViX01hdHJpeENvbXB1dGF0aW9ucy5wZGYAAAAAAAAAAAAAAAAAAAAAAAAAAAAAAAAAAAAAAAAAAAAAAAM3saLSZhbbAAAAAAAAAAAAAQACAAAJIAAAAAAAAAAAAAAAAAAAAAZQYXBlcnMAEAAIAADLae1vAAAAEQAIAADSZms7AAAAAQAYAw5i8AMLFIYDCIksAe8vuAAF1HMAALlXAAIAaUVza3JlaXMtV2lua2xlcjpVc2VyczoAamVmZnJleXdpbmtsZXI6AEdvb2dsZSBEcml2ZToAMTVmYWxsOgBLb25kb3I6AFBhcGVyczoAR29sdWJfTWF0cml4Q29tcHV0YXRpb25zLnBkZgAADgA6ABwARwBvAGwAdQBiAF8ATQBhAHQAcgBpAHgAQwBvAG0AcAB1AHQAYQB0AGkAbwBuAHMALgBwAGQAZgAPACAADwBFAHMAawByAGUAaQBzAC0AVwBpAG4AawBsAGUAcgASAFNVc2Vycy9qZWZmcmV5d2lua2xlci9Hb29nbGUgRHJpdmUvMTVmYWxsL0tvbmRvci9QYXBlcnMvR29sdWJfTWF0cml4Q29tcHV0YXRpb25zLnBkZgAAEwABLwAAFQACABX//wAAgAbSGxwdHlokY2xhc3NuYW1lWCRjbGFzc2VzXU5TTXV0YWJsZURhdGGjHR8gVk5TRGF0YVhOU09iamVjdNIbHCIjXE5TRGljdGlvbmFyeaIiIF8QD05TS2V5ZWRBcmNoaXZlctEmJ1Ryb290gAEACAARABoAIwAtADIANwBAAEYATQBVAGAAZwBqAGwAbgBxAHMAdQB3AIQAjgCtALIAugLKAswC0QLcAuUC8wL3Av4DBwMMAxkDHAMuAzEDNgAAAAAAAAIBAAAAAAAAACgAAAAAAAAAAAAAAAAAAAM4}}

@techreport{Ebden2008,
	Author = {Mark Ebden},
	Date-Added = {2015-11-09 16:03:04 +0000},
	Date-Modified = {2015-11-09 16:04:06 +0000},
	Institution = {University of Oxford},
	Title = {Gaussian Processes for Regression: A Quick Introduction},
	Year = {2008},
	Bdsk-File-1 = {YnBsaXN0MDDUAQIDBAUGJCVYJHZlcnNpb25YJG9iamVjdHNZJGFyY2hpdmVyVCR0b3ASAAGGoKgHCBMUFRYaIVUkbnVsbNMJCgsMDxJXTlMua2V5c1pOUy5vYmplY3RzViRjbGFzc6INDoACgAOiEBGABIAFgAdccmVsYXRpdmVQYXRoWWFsaWFzRGF0YV8QE0ViZGVuX0dQUl9JbnRyby5wZGbSFwsYGVdOUy5kYXRhTxEB5gAAAAAB5gACAAAPRXNrcmVpcy1XaW5rbGVyAAAAAAAAAAAAAAAAy2mZD0grAAADDmLwE0ViZGVuX0dQUl9JbnRyby5wZGYAAAAAAAAAAAAAAAAAAAAAAAAAAAAAAAAAAAAAAAAAAAAAAAAAAAAAAAAAAAM3Z2TSZYgpAAAAAAAAAAAAAQACAAAJIAAAAAAAAAAAAAAAAAAAAAZQYXBlcnMAEAAIAADLae1vAAAAEQAIAADSZdyJAAAAAQAYAw5i8AMLFIYDCIksAe8vuAAF1HMAALlXAAIAYEVza3JlaXMtV2lua2xlcjpVc2VyczoAamVmZnJleXdpbmtsZXI6AEdvb2dsZSBEcml2ZToAMTVmYWxsOgBLb25kb3I6AFBhcGVyczoARWJkZW5fR1BSX0ludHJvLnBkZgAOACgAEwBFAGIAZABlAG4AXwBHAFAAUgBfAEkAbgB0AHIAbwAuAHAAZABmAA8AIAAPAEUAcwBrAHIAZQBpAHMALQBXAGkAbgBrAGwAZQByABIASlVzZXJzL2plZmZyZXl3aW5rbGVyL0dvb2dsZSBEcml2ZS8xNWZhbGwvS29uZG9yL1BhcGVycy9FYmRlbl9HUFJfSW50cm8ucGRmABMAAS8AABUAAgAV//8AAIAG0hscHR5aJGNsYXNzbmFtZVgkY2xhc3Nlc11OU011dGFibGVEYXRhox0fIFZOU0RhdGFYTlNPYmplY3TSGxwiI1xOU0RpY3Rpb25hcnmiIiBfEA9OU0tleWVkQXJjaGl2ZXLRJidUcm9vdIABAAgAEQAaACMALQAyADcAQABGAE0AVQBgAGcAagBsAG4AcQBzAHUAdwCEAI4ApACpALECmwKdAqICrQK2AsQCyALPAtgC3QLqAu0C/wMCAwcAAAAAAAACAQAAAAAAAAAoAAAAAAAAAAAAAAAAAAADCQ==}}

@article{Ambikasaran2015,
	Author = {Sivaram Ambikasaran; Daniel Foreman-Mackey; Leslie Greengard; David W. Hogg; Michael O'Neil},
	Date-Added = {2015-11-09 16:01:38 +0000},
	Date-Modified = {2015-11-09 16:02:56 +0000},
	Journal = {arXiv:1403.6015v2},
	Month = {April},
	Title = {Fast Direct Methods for Gaussian Processes},
	Year = {2015},
	Bdsk-File-1 = {YnBsaXN0MDDUAQIDBAUGJCVYJHZlcnNpb25YJG9iamVjdHNZJGFyY2hpdmVyVCR0b3ASAAGGoKgHCBMUFRYaIVUkbnVsbNMJCgsMDxJXTlMua2V5c1pOUy5vYmplY3RzViRjbGFzc6INDoACgAOiEBGABIAFgAdccmVsYXRpdmVQYXRoWWFsaWFzRGF0YV8QFURpcmVjdE1ldGhvZHNfR1BzLnBkZtIXCxgZV05TLmRhdGFPEQHuAAAAAAHuAAIAAA9Fc2tyZWlzLVdpbmtsZXIAAAAAAAAAAAAAAADLaZkPSCsAAAMOYvAVRGlyZWN0TWV0aG9kc19HUHMucGRmAAAAAAAAAAAAAAAAAAAAAAAAAAAAAAAAAAAAAAAAAAAAAAAAAAAAAAAAAw5izNIy0IEAAAAAAAAAAAABAAIAAAkgAAAAAAAAAAAAAAAAAAAABlBhcGVycwAQAAgAAMtp7W8AAAARAAgAANIzFtEAAAABABgDDmLwAwsUhgMIiSwB7y+4AAXUcwAAuVcAAgBiRXNrcmVpcy1XaW5rbGVyOlVzZXJzOgBqZWZmcmV5d2lua2xlcjoAR29vZ2xlIERyaXZlOgAxNWZhbGw6AEtvbmRvcjoAUGFwZXJzOgBEaXJlY3RNZXRob2RzX0dQcy5wZGYADgAsABUARABpAHIAZQBjAHQATQBlAHQAaABvAGQAcwBfAEcAUABzAC4AcABkAGYADwAgAA8ARQBzAGsAcgBlAGkAcwAtAFcAaQBuAGsAbABlAHIAEgBMVXNlcnMvamVmZnJleXdpbmtsZXIvR29vZ2xlIERyaXZlLzE1ZmFsbC9Lb25kb3IvUGFwZXJzL0RpcmVjdE1ldGhvZHNfR1BzLnBkZgATAAEvAAAVAAIAFf//AACABtIbHB0eWiRjbGFzc25hbWVYJGNsYXNzZXNdTlNNdXRhYmxlRGF0YaMdHyBWTlNEYXRhWE5TT2JqZWN00hscIiNcTlNEaWN0aW9uYXJ5oiIgXxAPTlNLZXllZEFyY2hpdmVy0SYnVHJvb3SAAQAIABEAGgAjAC0AMgA3AEAARgBNAFUAYABnAGoAbABuAHEAcwB1AHcAhACOAKYAqwCzAqUCpwKsArcCwALOAtIC2QLiAucC9AL3AwkDDAMRAAAAAAAAAgEAAAAAAAAAKAAAAAAAAAAAAAAAAAAAAxM=}}

@article{Chalupka2013,
	Author = {Krzysztof Chalupka; Chrisopher K.I. Williams; Iain Murray},
	Date-Added = {2015-11-09 15:59:57 +0000},
	Date-Modified = {2015-11-09 16:01:22 +0000},
	Journal = {Journal of Machine Learning Research},
	Keywords = {Gaussian Process},
	Pages = {333-350},
	Title = {A Framework for Evaluating Approximation Methods for Gaussian Process Regression},
	Volume = {14},
	Year = {2013},
	Bdsk-File-1 = {YnBsaXN0MDDUAQIDBAUGJCVYJHZlcnNpb25YJG9iamVjdHNZJGFyY2hpdmVyVCR0b3ASAAGGoKgHCBMUFRYaIVUkbnVsbNMJCgsMDxJXTlMua2V5c1pOUy5vYmplY3RzViRjbGFzc6INDoACgAOiEBGABIAFgAdccmVsYXRpdmVQYXRoWWFsaWFzRGF0YV8QLkNoYWx1cGthX0ZyYW1ld29ya0V2YWx1YXRpbmdBcHByb3hpbWF0aW9ucy5wZGbSFwsYGVdOUy5kYXRhTxECRAAAAAACRAACAAAPRXNrcmVpcy1XaW5rbGVyAAAAAAAAAAAAAAAAy2mZD0grAAADDmLwH0NoYWx1cGthX0ZyYW1ld29ya0UjMzM3QUUwRi5wZGYAAAAAAAAAAAAAAAAAAAAAAAAAAAAAAAAAAAAAAAAAAAM3rg/SZhYSAAAAAAAAAAAAAQACAAAJIAAAAAAAAAAAAAAAAAAAAAZQYXBlcnMAEAAIAADLae1vAAAAEQAIAADSZmpyAAAAAQAYAw5i8AMLFIYDCIksAe8vuAAF1HMAALlXAAIAbEVza3JlaXMtV2lua2xlcjpVc2VyczoAamVmZnJleXdpbmtsZXI6AEdvb2dsZSBEcml2ZToAMTVmYWxsOgBLb25kb3I6AFBhcGVyczoAQ2hhbHVwa2FfRnJhbWV3b3JrRSMzMzdBRTBGLnBkZgAOAF4ALgBDAGgAYQBsAHUAcABrAGEAXwBGAHIAYQBtAGUAdwBvAHIAawBFAHYAYQBsAHUAYQB0AGkAbgBnAEEAcABwAHIAbwB4AGkAbQBhAHQAaQBvAG4AcwAuAHAAZABmAA8AIAAPAEUAcwBrAHIAZQBpAHMALQBXAGkAbgBrAGwAZQByABIAZVVzZXJzL2plZmZyZXl3aW5rbGVyL0dvb2dsZSBEcml2ZS8xNWZhbGwvS29uZG9yL1BhcGVycy9DaGFsdXBrYV9GcmFtZXdvcmtFdmFsdWF0aW5nQXBwcm94aW1hdGlvbnMucGRmAAATAAEvAAAVAAIAFf//AACABtIbHB0eWiRjbGFzc25hbWVYJGNsYXNzZXNdTlNNdXRhYmxlRGF0YaMdHyBWTlNEYXRhWE5TT2JqZWN00hscIiNcTlNEaWN0aW9uYXJ5oiIgXxAPTlNLZXllZEFyY2hpdmVy0SYnVHJvb3SAAQAIABEAGgAjAC0AMgA3AEAARgBNAFUAYABnAGoAbABuAHEAcwB1AHcAhACOAL8AxADMAxQDFgMbAyYDLwM9A0EDSANRA1YDYwNmA3gDewOAAAAAAAAAAgEAAAAAAAAAKAAAAAAAAAAAAAAAAAAAA4I=}}

@conference{Borm2007,
	Author = {Steffen B{\"o}rm; Jochen Garcke},
	Booktitle = {Proceedings of the 18th European Conference on Machine Learning},
	Date-Added = {2015-11-09 15:55:02 +0000},
	Date-Modified = {2015-11-09 15:57:46 +0000},
	Title = {Approximating Gaussian Processes with H2-Matrices},
	Year = {2007},
	Bdsk-File-1 = {YnBsaXN0MDDUAQIDBAUGJCVYJHZlcnNpb25YJG9iamVjdHNZJGFyY2hpdmVyVCR0b3ASAAGGoKgHCBMUFRYaIVUkbnVsbNMJCgsMDxJXTlMua2V5c1pOUy5vYmplY3RzViRjbGFzc6INDoACgAOiEBGABIAFgAdccmVsYXRpdmVQYXRoWWFsaWFzRGF0YV8QFEJvcm1fR1BzX3dpdGhfSDIucGRm0hcLGBlXTlMuZGF0YU8RAewAAAAAAewAAgAAD0Vza3JlaXMtV2lua2xlcgAAAAAAAAAAAAAAAMtpmQ9IKwAAAw5i8BRCb3JtX0dQc193aXRoX0gyLnBkZgAAAAAAAAAAAAAAAAAAAAAAAAAAAAAAAAAAAAAAAAAAAAAAAAAAAAAAAAADN2Zf0mWH5gAAAAAAAAAAAAEAAgAACSAAAAAAAAAAAAAAAAAAAAAGUGFwZXJzABAACAAAy2ntbwAAABEACAAA0mXcRgAAAAEAGAMOYvADCxSGAwiJLAHvL7gABdRzAAC5VwACAGFFc2tyZWlzLVdpbmtsZXI6VXNlcnM6AGplZmZyZXl3aW5rbGVyOgBHb29nbGUgRHJpdmU6ADE1ZmFsbDoAS29uZG9yOgBQYXBlcnM6AEJvcm1fR1BzX3dpdGhfSDIucGRmAAAOACoAFABCAG8AcgBtAF8ARwBQAHMAXwB3AGkAdABoAF8ASAAyAC4AcABkAGYADwAgAA8ARQBzAGsAcgBlAGkAcwAtAFcAaQBuAGsAbABlAHIAEgBLVXNlcnMvamVmZnJleXdpbmtsZXIvR29vZ2xlIERyaXZlLzE1ZmFsbC9Lb25kb3IvUGFwZXJzL0Jvcm1fR1BzX3dpdGhfSDIucGRmAAATAAEvAAAVAAIAFf//AACABtIbHB0eWiRjbGFzc25hbWVYJGNsYXNzZXNdTlNNdXRhYmxlRGF0YaMdHyBWTlNEYXRhWE5TT2JqZWN00hscIiNcTlNEaWN0aW9uYXJ5oiIgXxAPTlNLZXllZEFyY2hpdmVy0SYnVHJvb3SAAQAIABEAGgAjAC0AMgA3AEAARgBNAFUAYABnAGoAbABuAHEAcwB1AHcAhACOAKUAqgCyAqICpAKpArQCvQLLAs8C1gLfAuQC8QL0AwYDCQMOAAAAAAAAAgEAAAAAAAAAKAAAAAAAAAAAAAAAAAAAAxA=}}

@article{Anitescu2012,
	Author = {Mihai Anitescu; Jie Chen; Lei Wang},
	Date-Added = {2015-11-09 15:52:15 +0000},
	Date-Modified = {2015-11-09 15:54:41 +0000},
	Journal = {Journal of Scientific Computing},
	Keywords = {Gaussian Process},
	Number = {1},
	Pages = {A240-A262},
	Title = {A Matrix-Free Approach for Solving the Parametric Gaussian Process Maximum Likelihood Problem},
	Volume = {34},
	Year = {2012},
	Bdsk-File-1 = {YnBsaXN0MDDUAQIDBAUGJCVYJHZlcnNpb25YJG9iamVjdHNZJGFyY2hpdmVyVCR0b3ASAAGGoKgHCBMUFRYaIVUkbnVsbNMJCgsMDxJXTlMua2V5c1pOUy5vYmplY3RzViRjbGFzc6INDoACgAOiEBGABIAFgAdccmVsYXRpdmVQYXRoWWFsaWFzRGF0YV8QH0FuaXRlc2N1X01hdHJpeEZyZWVBcHByb2FjaC5wZGbSFwsYGVdOUy5kYXRhTxECFgAAAAACFgACAAAPRXNrcmVpcy1XaW5rbGVyAAAAAAAAAAAAAAAAy2mZD0grAAADDmLwH0FuaXRlc2N1X01hdHJpeEZyZWVBcHByb2FjaC5wZGYAAAAAAAAAAAAAAAAAAAAAAAAAAAAAAAAAAAAAAAAAAAM3qyPSZhVdAAAAAAAAAAAAAQACAAAJIAAAAAAAAAAAAAAAAAAAAAZQYXBlcnMAEAAIAADLae1vAAAAEQAIAADSZmm9AAAAAQAYAw5i8AMLFIYDCIksAe8vuAAF1HMAALlXAAIAbEVza3JlaXMtV2lua2xlcjpVc2VyczoAamVmZnJleXdpbmtsZXI6AEdvb2dsZSBEcml2ZToAMTVmYWxsOgBLb25kb3I6AFBhcGVyczoAQW5pdGVzY3VfTWF0cml4RnJlZUFwcHJvYWNoLnBkZgAOAEAAHwBBAG4AaQB0AGUAcwBjAHUAXwBNAGEAdAByAGkAeABGAHIAZQBlAEEAcABwAHIAbwBhAGMAaAAuAHAAZABmAA8AIAAPAEUAcwBrAHIAZQBpAHMALQBXAGkAbgBrAGwAZQByABIAVlVzZXJzL2plZmZyZXl3aW5rbGVyL0dvb2dsZSBEcml2ZS8xNWZhbGwvS29uZG9yL1BhcGVycy9Bbml0ZXNjdV9NYXRyaXhGcmVlQXBwcm9hY2gucGRmABMAAS8AABUAAgAV//8AAIAG0hscHR5aJGNsYXNzbmFtZVgkY2xhc3Nlc11OU011dGFibGVEYXRhox0fIFZOU0RhdGFYTlNPYmplY3TSGxwiI1xOU0RpY3Rpb25hcnmiIiBfEA9OU0tleWVkQXJjaGl2ZXLRJidUcm9vdIABAAgAEQAaACMALQAyADcAQABGAE0AVQBgAGcAagBsAG4AcQBzAHUAdwCEAI4AsAC1AL0C1wLZAt4C6QLyAwADBAMLAxQDGQMmAykDOwM+A0MAAAAAAAACAQAAAAAAAAAoAAAAAAAAAAAAAAAAAAADRQ==}}

@article{Ambikasaran2014,
	Author = {Sivram Ambikasaran; Michael O'Neil},
	Date-Added = {2015-11-09 15:49:40 +0000},
	Date-Modified = {2015-11-09 15:54:52 +0000},
	Keywords = {Hierarchical Matrices},
	Title = {Fast Symmetric Factorization of Hierarchical Matrices with Applications},
	Year = {2014},
	Bdsk-File-1 = {YnBsaXN0MDDUAQIDBAUGJCVYJHZlcnNpb25YJG9iamVjdHNZJGFyY2hpdmVyVCR0b3ASAAGGoKgHCBMUFRYaIVUkbnVsbNMJCgsMDxJXTlMua2V5c1pOUy5vYmplY3RzViRjbGFzc6INDoACgAOiEBGABIAFgAdccmVsYXRpdmVQYXRoWWFsaWFzRGF0YV8QK0FtYmlrYXNhcmFuX0Zhc3RTeW1tZXRyaWNGYWN0b3JpemF0aW9ucy5wZGbSFwsYGVdOUy5kYXRhTxECOgAAAAACOgACAAAPRXNrcmVpcy1XaW5rbGVyAAAAAAAAAAAAAAAAy2mZD0grAAADDmLwH0FtYmlrYXNhcmFuX0Zhc3RTeW0jMzM3NjhENC5wZGYAAAAAAAAAAAAAAAAAAAAAAAAAAAAAAAAAAAAAAAAAAAM3aNTSZYiOAAAAAAAAAAAAAQACAAAJIAAAAAAAAAAAAAAAAAAAAAZQYXBlcnMAEAAIAADLae1vAAAAEQAIAADSZdzuAAAAAQAYAw5i8AMLFIYDCIksAe8vuAAF1HMAALlXAAIAbEVza3JlaXMtV2lua2xlcjpVc2VyczoAamVmZnJleXdpbmtsZXI6AEdvb2dsZSBEcml2ZToAMTVmYWxsOgBLb25kb3I6AFBhcGVyczoAQW1iaWthc2FyYW5fRmFzdFN5bSMzMzc2OEQ0LnBkZgAOAFgAKwBBAG0AYgBpAGsAYQBzAGEAcgBhAG4AXwBGAGEAcwB0AFMAeQBtAG0AZQB0AHIAaQBjAEYAYQBjAHQAbwByAGkAegBhAHQAaQBvAG4AcwAuAHAAZABmAA8AIAAPAEUAcwBrAHIAZQBpAHMALQBXAGkAbgBrAGwAZQByABIAYlVzZXJzL2plZmZyZXl3aW5rbGVyL0dvb2dsZSBEcml2ZS8xNWZhbGwvS29uZG9yL1BhcGVycy9BbWJpa2FzYXJhbl9GYXN0U3ltbWV0cmljRmFjdG9yaXphdGlvbnMucGRmABMAAS8AABUAAgAV//8AAIAG0hscHR5aJGNsYXNzbmFtZVgkY2xhc3Nlc11OU011dGFibGVEYXRhox0fIFZOU0RhdGFYTlNPYmplY3TSGxwiI1xOU0RpY3Rpb25hcnmiIiBfEA9OU0tleWVkQXJjaGl2ZXLRJidUcm9vdIABAAgAEQAaACMALQAyADcAQABGAE0AVQBgAGcAagBsAG4AcQBzAHUAdwCEAI4AvADBAMkDBwMJAw4DGQMiAzADNAM7A0QDSQNWA1kDawNuA3MAAAAAAAACAQAAAAAAAAAoAAAAAAAAAAAAAAAAAAADdQ==}}

@techreport{Borm2003,
	Author = {Steffen B{\"o}rm ; Lars Grasedyck ; Wolfgang Hackbusch},
	Date-Modified = {2015-11-09 01:17:55 +0000},
	Institution = {Max Planck Institute for Mathematics in the Sciences},
	Keywords = {Hierarchical Matrices},
	Title = {Hierarchical matrices},
	Url = {http://www.mis.mpg.de/de/publications/andere-reihen/ln/lecturenote-2103.html},
	Year = {2003},
	Bdsk-Url-1 = {http://www.mis.mpg.de/de/publications/andere-reihen/ln/lecturenote-2103.html}}
